2732 4038
472 186 674 254 —lui-

87 330 142 388 Per
153 330 272 388 modum
284 331 478 402 explicationis
492 329 634 404 agiturJde
653 329 851 389 reri-viscontii
865 329 962 404 gratiae
1007 320 1009 324 ’

158 421 379 488 sacramentalis,
393 421 527 490 probatur
541 435 604 474 eam
617 418 768 489 aliquando
788 419 961 476 reviviscere

160 520 256 576 posse,
271 507 355 562 modo
374 509 551 562 removeatur
565 508 638 562 obex
640 540 961 560 ........
1016 504 1070 562 379

87 590 962 662 Diversaesententiaecircaexplicationemhujusreviviscentie
1015 589 1069 647 381

87 678 136 748 Sq.
152 677 193 732 2⁸.
208 676 306 733 Utrum
315 678 460 748 productio
471 679 620 734 effectuum
634 680 725 736 tiator
738 696 823 751 opere
835 683 962 751 operatu,

158 780 195 820 an
210 780 246 820 ex
259 780 346 834 opere
360 764 517 834 operantis?
555 802 961 821 ..........
999 766 1069 824 ibid.

87 851 116 908 1⁰
129 851 159 908 Si
174 854 272 920 agatur
283 851 318 906 de
332 853 511 908 sacramentis
525 854 627 909 veteris
636 853 722 922 legis:
767 873 771 880 ’

85 939 226 995 Probatur
241 939 267 993 1.
283 939 399 1009 gratiam
411 942 530 1010 legalem
549 942 635 996 tuisse
648 940 812 1011 productam
826 957 863 997 ex
876 957 963 1014 opere

98 1021 101 1026 '
156 1029 289 1096 operat0;
411 1061 430 1080 .-
544 1063 552 1080 .
589 1063 609 1080 .-
633 1064 954 1083 ........
1012 1027 1066 1086 382

84 1113 117 1170 2.
128 1115 250 1186 gratiam
273 1114 410 1168 internam
429 1112 515 1167 luisse
529 1112 691 1183 productam
710 1113 788 1182 quasi
813 1129 849 1168 ex
876 1130 963 1184 opere

156 1204 276 1273 operato
291 1201 320 1256 in
343 1200 496 1254 infantibus
520 1199 962 1269 suscipientibus.sacramentum

86 1316 90 1321 ·
149 1306 203 1362 per
211 1289 288 1360 quud
297 1288 441 1343 delebatur
448 1290 592 1357 peceatum
601 1287 840 1356 originale-non
851 1305 887 1344 ex
898 1306 964 1360 ope·

153 1394 187 1433 re
197 1374 384 1447 operetused
392 1389 521 1444 exopere
529 1375 672 1444 operantis
685 1374 940 1446 in-aliissubjectis.
994 1379 1064 1438 ibid.

82 1467 111 1521 aa
125 1465 155 1522 Si
171 1467 273 1536 agatur
283 1463 318 1518 dc
326 1462 509 1518 sacramentis
522 1477 603 1517 novas
611 1461 697 1531 legis:

81 1554 225 1611 Probatur
241 1566 275 1606 ea
285 1550 442 1620 producere
456 1548 574 1617 gratiam
588 1564 625 1603 ex
639 1563 725 1618 opere
742 1553 868 1619 operato,
885 1551 962 1606 insu·

151 1657 204 1712 per
219 1638 374 1710 aliquando
384 1653 421 1692 ex
430 1651 516 1706 opere
525 1636 666 1706 operantis
669 1675 962 1695 .......
998 1641 1068 1698 ibid.

76 1728 126 1800 Sq.
142 1725 307 1800 eguinum
321 1723 469 1795 productio
492 1724 642 1778 effectuum
656 1722 703 1777 liat
716 1723 832 1794 physice
848 1739 884 1780 an
898 1741 964 1782 mo·

86 1813 92 1822 '
148 1816 287 1873 raritert-
328 1845 960 1868 ················
1014 1813 1069 1872 383

74 1903 217 1962 Probatur
239 1899 453 1972 productionem
468 1900 617 1956 effectuum
632 1899 803 1968 probabilius
816 1898 876 1954 lieri
886 1899 962 1972 phy·

76 2078 127 2150 Sp.
143 1991 308 2133 giem-n
322 2019 470 2144 productid
484 2020 579 2142 gratia
588 2073 637 2127 tiat
646 2019 832 2142 aqualiteran
841 2019 964 2144 laudea:
1016 1983 1070 2042 384

75 2256 105 2315 Si
119 2169 305 2314 saldddrudenta
316 2251 447 2306 differant
460 2265 588 2317 numero,
599 2251 733 2320 probatur
752 2252 888 2321 aqualem
902 2265 964 2320 gra·
998 2162 1067 2220 'M

86 2337 87 2342 ’
150 2345 223 2400 tiam
238 2341 357 2413 produci
381 2344 444 2394 cum
472 2339 670 2408 dispositioncs
697 2341 885 2409 subjecturum
898 2343 964 2396 sunt

148 2433 292 2504 aequales,
312 2429 479 2499 iuaequalem
502 2427 571 2484 reni
594 2429 658 2480 crim
678 2425 876 2496 dispositiones
899 2429 964 2482 sunt

147 2519 324 2590 inaequales.
371 2547 961 2567 ··············
997 2515 1067 2574 ibid.

72 2607 102 2666 Si
115 2609 302 2664 sacramenta
313 2605 442 2660 differant
456 2603 561 2674 specie,
574 2604 710 2673 probatur
724 2602 891 2672 inaequalem
900 2617 964 2672 gra-

147 2696 219 2750 tiam
235 2691 368 2764 produci,
382 2690 619 2762 etiamsuppositi
633 2690 790 2759 aequabtate
800 2689 962 2760 dispositiu-

148 2797 236 2840 num·
283 2813 290 2830 ·
326 2817 334 2832 ο
371 2817 379 2831 ·
415 2815 431 2832 ι.
460 2817 475 2834 0.
505 2811 961 2832 ···········
1016 2777 1070 2834 385

385 2937 425 2992 11.
440 2966 477 2986 -2
489 2935 585 2992 PARS
598 2935 776 2994 MORALIS.

69 3074 276 3148 Expcnuntur
289 3068 366 3143 leges
380 3068 493 3138 divinae,
509 3070 655 3137 generales
669 3070 699 3122 et
713 3067 847 3150 speciales
861 3067 897 3130 de
912 3081 962 3132 sa,-

142 3154 318 3216 cramentis.
776 3189 963 3216 .....
999 3154 1067 3212 appa,

399 3305 411 3368 5
426 3305 451 3356 i.
466 3332 501 3343 -
513 3305 596 3371 Leges
610 3305 745 3372 generales

65 3443 274 3504 Rcsumuntur
288 3438 318 3492 in
330 3438 522 3508 propositione
536 3453 595 3508 seq.
611 3439 729 3494 scilicet:
746 3439 900 3508 perlegam
914 3453 962 3493 re-

141 3528 268 3607 ligionis
292 3527 448 3595 quodlibet
461 3527 562 3581 lactum
592 3526 963 3603 sacramentisipiuriosum
