2710 4116
605 395 808 462 *itt-

262 542 322 606 Pr.
336 537 383 604 5³.
400 535 524 604 Concil.
535 535 627 602 Trid.
638 555 719 602 sess.
735 537 768 615 li,
781 557 853 602 cana
868 527 902 615 ll,
917 535 1013 603 docet
1027 546 1188 626 peccatum

218 645 374 732 originale
385 647 488 712 iacere
499 644 853 730 unicuiqucproprium
861 667 874 722 ,·
886 656 928 723 ct,
943 663 1022 710 scae.
1039 645 1146 734 neap.
1158 645 1192 726 5,

218 753 363 819 leminea
391 751 663 838 prevaricatione
689 748 781 829 aaa,
809 751 982 836 propriam
1005 751 1194 838 iujttrtitiam

218 857 421 926 contrahere.
1255 858 1277 877 ''

262 1013 363 1080 Prot.
381 1013 425 1080 tt.
440 1013 564 1098 Dogma
583 1014 702 1102 peccati
713 1012 877 1098 originalis
890 1011 1193 1082 estlandamcntum

217 1119 382 1205 religionis
398 1125 547 1185 mosaicae
564 1133 595 1186 ct
616 1119 815 1186 christianae.
838 1117 932 1202 Ergo,
958 1119 985 1184 si
1006 1117 1125 1185 laisum
1146 1133 1191 1185 cst

217 1229 336 1312 dogma
350 1228 470 1320 peccati
487 1228 672 1313 originalis,
691 1228 768 1294 lalsa
787 1241 924 1313 utraque
946 1227 1087 1312 religi03
1112 1227 1189 1316 quod

217 1333 441 1422 rejiciendum,
456 1355 492 1400 cx
510 1335 603 1401 dictis
621 1333 677 1400 ubi
693 1335 733 1400 dc
749 1335 842 1400 Locis
860 1335 1062 1420 tltcolopicis.

261 1441 531 1532 Tertiaprobatio
548 1441 666 1508 deduci
683 1453 792 1528 posset
808 1462 846 1506 ex
863 1439 1025 1506 solutione
1042 1438 1195 1527 objectio·

216 1567 310 1616 num.
334 1547 421 1616 Hanc
448 1549 626 1615 omittimus
647 1547 720 1636 qtria
744 1545 943 1634 objectiones
968 1545 1195 1636 propositionis

218 1653 430 1744 explicatione
443 1655 624 1722 diluuntur.
1271 1641 1272 1644 ¹

366 1823 616 1894 terremtatem
632 1820 761 1879 Gllrirtur
774 1825 802 1876 rt
815 1821 851 1876 Β.
878 1821 910 1880 t.
929 1821 1043 1881 Morio:

381 1961 408 2008 1⁰
421 1960 538 2010 christus
552 1957 566 2009 t
580 1963 686 2022 peccato
700 1956 819 2026 originali
832 1957 881 2008 tait
899 1957 1029 2010 immunis.

259 2087 361 2157 Prot.
383 2089 427 2157 t·.
447 2089 599 2156 Homines
625 2069 802 2156 nascuntur
818 2089 968 2156 maculati
987 2092 1212 2178 peccato.ori·‹
1324 2103 1325 2112 ’

216 2192 328 2280 ginali,
348 2193 422 2281 quia
436 2213 474 2258 ex
486 2193 610 2260 semiue
625 2192 737 2260 Adami
754 2201 962 2277 generantur.
978 2195 1079 2259 Porro
1091 2193 1194 2260 Chris·

216 2312 269 2364 tus
282 2317 347 2365 non
363 2319 402 2365 ex
417 2299 542 2365 semine
556 2299 692 2380 adami,
710 2297 768 2366 sed
784 2299 826 2365 de
849 2299 969 2386 Spiritu
986 2298 1104 2368 Sancto
1120 2321 1193 2368 con·

216 2416 329 2492 ceptus
345 2405 417 2473 luit.
433 2407 532 2490 Ergo.

260 2509 361 2577 Prot.
381 2509 429 2577 2³.
448 2511 484 2577 ln
496 2509 641 2592 Christo,
659 2526 775 2580 natura
797 2512 941 2578 humana
966 2525 998 2578 et
1014 2512 1120 2580 divina
1135 2511 1192 2598 hy·

214 2618 368 2704 postatice
387 2619 561 2698 uniuntur;
582 2621 668 2688 unde
690 2621 836 2708 sequitur
852 2621 1103 2712 communicatio
1120 2617 1195 2686 idio·

214 2739 349 2806 matum,
371 2728 401 2797 vi
418 2724 512 2814 cujus
529 2727 654 2794 Cltristo
678 2727 808 2794 attribui
825 2733 961 2815 possunt
986 2728 1193 2815 proprietates

214 2831 387 2912 divinitatis
404 2842 436 2900 et
451 2833 672 2900 humanitatis.
694 2833 854 2910 Proinde,
873 2835 899 2900 si
922 2833 1066 2903 Christus
1082 2852 1194 2920 pecca-

212 2945 283 3003 tum
295 2941 450 3024 originale
460 2941 681 3018 contraxisset,
695 2941 809 3007 merito
820 2940 882 3006 tici
896 2952 1003 3028 posset
1012 2939 1196 3006 Hominem·

212 3030 318 3110 Deum
336 3045 435 3112 luisse
451 3062 581 3134 peccate
599 3046 808 3126 maculatum,
824 3046 911 3134 quod
929 3043 1122 3119 absurdum.

212 3209 241 3263 2⁰
252 3207 280 3258 B.
294 3211 324 3260 V.
339 3211 427 3273 Maria,
442 3214 552 3278 aprime
566 3216 742 3280 conceptionis
758 3215 873 3275 instanti,
889 3213 939 3264 nait
959 3213 1107 3266 immunisa
1131 3225 1196 3276 pec-v
1232 3253 1236 3264 .

228 3299 287 3347 cata
301 3295 432 3361 originali3
443 3311 499 3363 scu,
509 3303 660 3366 quotidem
673 3306 720 3365 cat,
731 3301 793 3366 ujus
807 3301 944 3364 conceptio
957 3301 1007 3352 tuit
1018 3299 1192 3352 immaculata.

257 3423 319 3489 Par
335 3425 579 3512 conceptionem
593 3427 647 3494 liic
663 3423 872 3512 intelligimus
894 3425 1049 3492 unionem
1077 3425 1194 3492 animae

212 3548 287 3594 cum
305 3549 455 3614 corpore.
475 3529 680 3598 affirmamus
706 3552 784 3616 crgo
806 3531 836 3595 in
854 3530 1077 3617 propositione
1093 3525 1134 3593 Β.
1154 3527 1191 3595 V.

211 3625 341 3695 llariam
365 3631 495 3698 ittissca
521 3645 651 3720 peccato
669 3634 817 3720 originali
846 3635 1025 3700 immunem
1047 3635 1065 3698 a
1091 3631 1194 3718 primo

212 3733 430 3816 conceptionis
447 3736 586 3816 instanti,
606 3761 642 3803 ac
658 3743 793 3832 proitnle
811 3739 851 3804 alt
864 3738 992 3805 instanti
1005 3737 1190 3813 creationis,
