2622 4154
615 389 792 455 42..

256 529 355 616 Hesp.
371 529 582 596 Eaedemsunt
594 548 666 614 quae
676 527 876 596 conditiones
886 527 962 594 lidei
974 527 1201 599 catltolicaese·

213 637 388 725 quentibus
408 636 555 701 mutatIsz
581 632 1202 716 10Qu0adconditionanintrinseoam

212 765 249 810 ex
258 740 474 830 parte-objecti
484 738 786 827 requisitam:Fidci
796 739 1021 806 ecclesiasticae
1032 740 1201 830 objectum

209 849 312 916 debet
332 869 416 927 esse,
437 868 510 914 non
535 847 667 932 quidem
690 847 806 912 veritas
823 847 974 924 revelata,
1000 847 1058 913 sed
1081 850 1201 916 veritas

214 953 428 1022 infallibiliter
447 953 579 1020 delinita
608 952 649 1018 ab
674 952 815 1019 Ecclesia
832 953 1001 1020 catholica.
1020 953 1057 1018 2⁰
1083 955 1202 1037 Quoad

212 1061 432 1128 conditionem
453 1067 595 1146 exparte
621 1057 759 1144 subjecti
779 1055 988 1144 requisitam:
1008 1055 1200 1144 subjectum

211 1166 313 1232 debet
328 1165 497 1232 adhaerere
511 1165 648 1242 veritati,
673 1183 738 1229 non
753 1177 884 1251 propter
900 1165 1042 1230 divinum
1058 1164 1200 1230 veritatis

216 1271 467 1350 revelationem,
485 1269 543 1337 sed
560 1281 692 1358 propter
709 1269 878 1336 tntattihsse
901 1269 1122 1336 testimonium
1142 1270 1200 1336 lic·

217 1375 339 1442 clesiac.

264 1481 429 1548 Corellia
449 1481 541 1548 dictis
558 1481 804 1549 concludimus:
824 1477 907 1567 lirgo
924 1492 999 1548 sunt
1016 1492 1106 1548 actus
1122 1479 1199 1547 fidei

215 1599 369 1654 omneset
384 1586 443 1654 soli
454 1599 543 1654 aetus
555 1588 610 1675 qui
624 1575 1198 1676 praedictisconditionibusrestiun-

213 1705 280 1758 tur.
824 1681 826 1687 ’

539 1819 540 1826 ’
577 1827 784 1886 ARTICULUS
798 1830 838 1884 ll.

495 1983 538 2022 ne
556 1978 734 2030 nosstuttttate
749 1981 825 2024 actus
841 1981 912 2040 litlot.

183 2173 187 2178 .
263 2111 310 2175 lle
326 2103 539 2196 possibilitate
560 2112 649 2178 uetus
674 2108 749 2176 fidei
774 2110 805 2174 l.
826 2109 943 2175 divinoe
964 2109 1143 2192 catholicae,
1164 2114 1198 2178 ἰ).

214 2213 405 2302 simpliciter
416 2216 544 2294 divinoe,
560 2213 591 2279 5.
612 2215 850 2282 ecclesiasticae.

290 2383 391 2440 Puncr.
406 2390 426 2438 1.
447 2389 485 2440 Dc
496 2387 679 2450 possibilitate
694 2385 770 2438 octttr
783 2387 846 2450 fidu
859 2387 959 2438 divine
969 2387 1118 2438 catholice.

263 2527 374 2610 Quaer.
396 2527 506 2592 utrum
518 2535 610 2592 cetus
623 2523 701 2615 fidei
717 2524 1132 2610 cortroticaesttnossitttu?

260 2633 358 2718 Hesp.
375 2631 582 2699 Affirmutive.

257 2738 359 2806 Prob.
378 2740 424 2804 ra,
439 2739 497 2805 llic
513 2750 604 2806 aetus
620 2744 640 2802 a
654 2738 727 2804 Deo
743 2737 984 2826 prescribitum
1003 2757 1080 2822 ergo
1093 2737 1197 2826 possi-

212 2848 286 2916 bilis
303 2860 362 2930 est,
381 2849 527 2937 alloquin
550 2849 727 2915 dicendum
746 2847 829 2914 soret
851 2848 959 2914 Deum
982 2846 1198 2933 impossibilia

207 2951 336 3040 jubere,
349 2957 438 3042 quod
451 2957 641 3022 damnatum
659 2966 706 3020 est
715 2966 751 3020 ut
760 2953 951 3021 hereticum
963 2959 982 3020 a
992 2953 1087 3020 Gonu.
1100 2951 1192 3016 Trio.

201 3076 290 3126 sess.
308 3060 341 3141 6,
359 3080 432 3147 cap.
455 3059 509 3126 ll.
1141 3083 1144 3089 ·

257 3163 357 3230 Proh.
388 3164 437 3228 2³.
465 3163 630 3231 possibilis
659 3165 710 3230 'est
737 3177 827 3232 actus
849 3164 929 3230 -srdei
956 3160 1143 3240 catholicae,
1167 3163 1198 3228 si

208 3269 338 3334 realiter
353 3269 429 3354 poni
457 3270 581 3356 possint
603 3291 716 3338 omnes
737 3271 940 3338 conditiones
957 3275 1027 3338 tiam
1050 3267 1197 3356 praeriae,

210 3376 280 3438 tinn
295 3373 520 3442 constitutivae.
544 3376 650 3464 Atqui,

258 3475 294 3543 l⁰
319 3477 482 3548 convictio
506 3481 648 3568 legitima
674 3481 715 3548 de
742 3483 931 3550 notionibus
960 3479 1038 3548 lidel
1066 3475 1195 3567 praeviis

210 3584 322 3652 haberi
339 3598 466 3676 potest:
485 3593 553 3654 tirm
564 3609 622 3676 per
638 3589 860 3656 immediatam
877 3589 937 3655 Dei
957 3586 1195 3677 operationem,

84 3723 88 3731 ·
210 3702 247 3758 ut
273 3692 403 3763 evidens
424 3705 488 3774 cst,
515 3698 583 3760 tum
607 3695 637 3762 vi
660 3696 790 3786 propria
805 3695 969 3766 rationum
986 3693 1106 3787 qulbus
1126 3692 1199 3760 istae
