2708 4122
552 277 595 290 -
618 215 689 308 ars
709 280 754 292 -

531 405 550 454 1.
566 405 673 462 Ratione
687 407 795 458 valoris·
816 475 835 495 'A

220 535 515 618 QuaersQaisnam
530 537 678 604 sitvnfor
697 538 929 625 satisfactionis
954 539 1074 608 Christi
1081 559 1155 619 son

170 641 345 729 rainutius,
361 643 586 730 cnwinfinr'tns?

218 749 315 834 Κεφ.
332 749 385 814 Est
401 748 557 816 infinitas.
576 749 760 817 satisfactio
772 749 858 816 enim
880 762 1009 839 operata
1027 763 1075 820 est
1095 771 1154 840 per

170 857 265 919 actas
282 853 398 920 Christi
408 877 421 933 ;.
435 875 531 943 porro
544 864 634 922 actus
651 855 768 921 Christi
789 869 864 924 sunt
884 857 1001 924 valoris
1023 857 1151 940 infiniti,

169 960 252 1028 citra
264 959 328 1028 sint
338 975 433 1028 acttrs
445 981 593 1050 personae
603 960 752 1029 infinitae.
857 969 860 974 '

522 1118 553 1167 n.
565 1116 673 1168 Ratione
686 1117 814 1170 Auctoris.

220 1252 334 1336 Quaar.
357 1251 469 1318 Uitam
487 1253 666 1339 satisfactio
686 1252 807 1321 Christi
820 1253 862 1319 sit
878 1253 993 1320 divino
1019 1275 1064 1322 on
1095 1257 1156 1325 frtr-

170 1379 291 1437 rncno;
308 1358 339 1426 id
356 1371 418 1440 est,
435 1363 543 1426 citriam
554 1358 760 1426 attribuendo
776 1360 818 1426 sit
832 1359 1017 1442 divinitati,
1034 1379 1078 1428 on
1102 1361 1158 1436 fitt-

169 1466 351 1532 manituti?

218 1574 316 1658 Rasp.
335 1571 441 1662 Opera
459 1573 667 1641 satisfactoria
682 1575 713 1642 in
726 1593 762 1642 se
783 1574 988 1642 attribuenda
1008 1585 1085 1642 sunt
1099 1595 1157 1642 na»

171 1693 256 1756 turos
281 1679 452 1760 humanae,
475 1680 620 1768 ipsorum
650 1680 790 1748 infinitas
806 1699 954 1769 personoe
975 1693 1007 1747 ot
1033 1691 1158 1748 naturae

171 1783 352 1864 dirinoe.—
362 1786 468 1876 Opera
485 1787 693 1854 satisfactoria
714 1785 918 1854 attribuenda
941 1799 1018 1854 sunt
1033 1799 1158 1854 naturas

171 1893 347 1984 hnmanae:
364 1893 452 1960 Deus
465 1894 552 1960 onim
569 1915 626 1982 per
641 1915 676 1960 se
694 1894 814 1961 mereri
832 1906 863 1995 ⁰}
884 1893 1069 1960 satisfacere
1091 1913 1159 1966 nott

172 2010 292 2088 potest.
311 1997 455 2066 latinitas
467 1998 692 2068 satisfactionis
716 2021 863 2088 personae
888 2012 920 2066 et
937 2011 1061 2066 natnroe
1078 1999 1159 2066 divt-

171 2127 227 2174 nae
239 2127 247 2170 ε
260 2102 611 2193 siquidemsatisfactio
628 2106 769 2175 hominis
790 2107 863 2196 puri
884 2118 932 2174 est
947 2105 1160 2176 essentialiter

174 2209 279 2304 finita.
297 2211 389 2278 Unde
405 2212 583 2280 dicendam
601 2210 764 2280 Christum
781 2211 973 2280 satisfecisse
997 2216 1158 2302 quatenirs

175 2331 225 2386 cst
246 2318 343 2386 homo
356 2339 503 2408 personae
519 2317 617 2387 Verbi
633 2318 831 2406 hypostatice
844 2318 966 2394 unitus.

538 2485 583 2536 111.
597 2485 706 2536 Ratione
719 2483 807 2536 Medii.

223 2619 352 2687 Certum
367 2627 414 2686 est
433 2615 596 2686 Christom
618 2615 811 2684 satisfecisse
827 2637 885 2705 per
901 2621 990 2684 aetas
1012 2635 1102 2682 suos.

226 2727 338 2810 Qnaer.
353 2740 463 2796 autem
479 2725 782 2812 otrirm'satissnctio
801 2731 939 2810 operato
954 2724 995 2789 sit
1013 2743 1074 2809 per
1091 2741 1158 2788 cm-

173 2853 247 2912 nes,
260 2854 304 2900 on
318 2836 421 2900 sofirm
433 2854 494 2918 ner
509 2833 667 2918 quosdam
687 2841 778 2898 octos
801 2829 946 2897 Christi?

224 2936 319 3022 ffcsp.
340 2935 520 3004 Satisfaatio
537 2935 683 3002 inchoata
698 2956 755 3024 por
771 2946 860 3002 actus
883 2929 998 2999 Christi
1015 2929 1070 3018 qui
1087 2950 1160 3018 pas·
1265 2983 1266 2988 η

174 3041 302 3110 sionem
320 3055 565 3131 praecesserunt,
584 3063 642 3132 per
667 3042 850 3130 passionem
878 3050 910 3105 et
927 3045 1066 3105 mortem
1083 3057 1162 3104 con·

176 3161 337 3216 summata
355 3155 414 3216 est.
431 3145 640 3240 —lnchoata
654 3170 711 3238 per
732 3159 821 3214 aetus
847 3145 1067 3235 praecedentes
1089 3166 1164 3234 pas-

177 3255 325 3322 sionem:
344 3254 549 3322 satisfactioni
563 3253 678 3322 Christi
695 3259 928 3320 concurrerunt
940 3272 1052 3320 omnes
1072 3263 1167 3316 actus

179 3382 263 3448 quos
281 3356 424 3428 Christus
442 3361 580 3428 adhunc
593 3361 690 3427 finem
708 3357 886 3437 ordinavit3
902 3379 998 3446 porro
1012 3358 1052 3422 ad
1069 3355 1162 3422 satis-

179 3465 351 3534 factionem
373 3488 484 3534 omnes
509 3475 598 3534 actus
620 3459 696 3534 suos
721 3465 897 3543 ordinavit,
924 3461 1085 3549 siquidem
1111 3482 1163 3526 re·

181 3573 324 3663 demptio
342 3572 480 3641 hominis
500 3595 536 3640 ac
549 3573 685 3664 proinde
696 3569 871 3641 satisfactio
880 3570 939 3640 fuit
949 3587 1065 3662 scopus
1079 3587 1167 3660 prta*
