2622 4154
477 413 482 426 .
598 371 773 438 ...flu-

224 461 413 586 ¹Uttdtisic:
428 509 461 582 itt
483 467 553 580 Deo
646 507 647 514 '

245 621 382 706 Semnus
397 621 453 714 S.:
473 630 559 709 potet
576 639 613 686 ex
626 619 772 706 quolibet
783 631 882 686 textu.

244 724 562 813 Spiritus,rnnsont':
585 723 757 808 Siquidem
773 723 804 788 t.
823 723 856 789 iu
884 722 1023 826 textibus
1046 725 1181 814 Spiritui
1299 798 1301 832 ἦ

200 831 234 898 S.
251 830 471 902 attribuuntur
486 841 576 895 aetus
591 828 763 896 rationales
776 842 808 896 et
821 829 955 918 proprii.
973 829 1069 898 dotus
1082 834 1182 902 ratio·
1300 849 1301 860 ¹

200 935 291 1028 unies
304 960 311 1004 :
325 939 384 1003 ute
399 956 455 1003 uos
470 935 594 1002 docebit
609 936 763 1002 omitia...
776 937 1071 1024 diuidenssinputis
1082 944 1183 1024 proiit

200 1045 284 1110 vtdt.
299 1042 395 1110 Actus
408 1041 549 1132 proprii:
572 1041 733 1128 siquidem
761 1041 810 1107 isti
836 1055 926 1108 aetus
951 1041 991 1108 ab
1013 1045 1089 1132 Ipso
1106 1067 1181 1133 prof

202 1149 366 1217 ducuntur
380 1160 413 1215 et
427 1147 487 1236 ipsi
503 1147 736 1230 attribuuntur.
763 1147 797 1212 S.
816 1147 954 1214 Ananias
971 1150 1180 1236 redarguitur

148 1297 149 1302 κ
202 1258 222 1325 a
238 1256 273 1322 S.
286 1257 379 1324 Petro
393 1249 432 1322 eo
447 1255 536 1342 quod
548 1253 699 1323 mentitus
713 1251 752 1319 sit
768 1251 901 1342 Spiritui
929 1253 1058 1322 Saneto.
1082 1258 1177 1324 Mem·

107 1369 109 1377 ’
202 1345 263 1427 bra
285 1374 409 1440 nostra,
420 1359 510 1448 juxto
531 1357 739 1446 Apostolum,
763 1373 838 1427 suut
866 1347 1183 1448 temptum'Spirttus

203 1466 323 1533 Sanoti.
341 1467 440 1533 Porro
450 1465 521 1532 haee
537 1464 645 1532 omnia
662 1464 704 1530 de
716 1468 853 1552 persond
870 1451 952 1546 sota,
969 1488 1034 1532 non
1051 1451 1128 1536 vero
1141 1470 1183 1556 de

203 1575 294 1654 morti
309 1570 459 1638 facultate
471 1567 625 1641 affirmari
640 1582 788 1660 possunt.

248 1674 404 1762 Spiritus,
434 1695 572 1764 persona
593 1694 713 1740 ututur:
744 1673 910 1761 Siquidem
937 1673 966 1740 i.
998 1673 1177 1762 appellatur

202 1781 314 1848 Deus:
332 1801 398 1846 nou
420 1801 453 1845 es
468 1781 617 1848 mentitae
630 1780 832 1861 horninibus,
847 1781 906 1848 sed
921 1781 1001 1848 Deo.
1025 1777 1178 1859 itarital).

204 1885 353 1964 Paulum,
373 1875 797 1974 Deus...'operetarornnia
812 1887 846 1952 in
863 1885 1180 1974 omuibussstjniria,

204 1987 389 2054 distributio
401 1987 577 2074 gratiarum
589 1986 774 2058 attribuitur
789 1989 921 2078 Spiritui
937 1989 973 2056 S.
990 1991 1065 2056 Horo
1077 2001 1184 2056 uatem
1300 1997 1301 2014 ³

205 2089 316 2158 omniu
332 2104 583 2178 operaturuuaa
595 2096 787 2182 atquoidem
805 2095 960 2181 Spiritus.
982 2097 1063 2184 Ergo
1083 2097 1184 2184 Spiri-

186 2197 300 2284 vtusS.
318 2211 366 2266 est
381 2199 492 2282 Deus3
509 2199 655 2288 alioquin
667 2199 747 2271 tatso
757 2201 972 2298 affirmaretur
983 2203 1094 2290 ‘Deum
1111 2223 1184 2290 ope·
1230 2251 1233 2259 .

205 2305 273 2371 rari
292 2306 400 2373 omnia
426 2306 460 2374 in
480 2307 645 2376 omnibus.
671 2305 818 2376 Christus
835 2309 878 2374 ait
891 2331 899 2373 :
914 2309 953 2376 In
976 2309 1105 2394 Spiritu
1122 2301 1186 2376 Dei

101 2475 105 2481 .
204 2411 298 2496 ejicio
313 2413 494 2494 armenon
508 2435 608 2504 porro
622 2413 759 2504 Spiritus
775 2415 924 2482 eamdem
949 2428 1100 2486 naturam
1130 2415 1182 2481 ha·
1298 2391 1301 2454 d

145 2577 150 2590 .
205 2517 405 2600 beredebeu
428 2517 527 2608 quiam
553 2541 611 2588 ens
628 2517 722 2608 eujus
739 2518 874 2608 Spiritus
896 2533 956 2588 est.
982 2522 1017 2588 S.
1047 2521 1183 2608 Spiritus
1297 2521 1301 2584 i

139 2669 156 2716 3
205 2624 323 2702 eodem
338 2625 453 2696 ordine
468 2627 654 2694 nominatur
673 2647 738 2714 quo
756 2627 873 2707 Filius,
895 2649 992 2719 porro
1007 2615 1114 2698 *tutus
1135 2629 1185 2693 est

141 2762 146 2798 ι
203 2731 313 2800 Deus:
331 2732 504 2823 testificati
515 2735 590 2828 estis
605 2733 780 2800 intromitte
798 2735 840 2800 D.
859 2735 901 2802 N.
918 2729 994 2800 desa
1013 2734 1145 2814 carisii,
1155 2743 1185 2803 et

198 2838 239 2938 in
250 2836 376 2925 Spiritu
388 2841 452 2906 Dei
465 2841 583 2907 nostri.
603 2838 637 2906 5.
662 2841 796 2929 Spiritui
817 2840 852 2907 S.
871 2839 1092 2938 attribuuntur
1107 2861 1181 2927 per·
1298 2845 1301 2887 ²

204 2945 358 3018 sectiones
373 2945 504 3026 ditinae,
518 2965 549 3012 v.
566 2965 600 3030 g.
617 2947 862 3022 omniscientis:
881 2949 992 3014 omnia
1004 2955 1181 3024 serutatur,
1297 2941 1301 2992 i

198 3048 303 3114 ‘etiam
315 3051 486 3138 profundo
501 3051 575 3116 Dei.
609 3051 673 3138 Ipsi
689 3033 908 3122 attribuuntur
918 3053 1119 3140 operationes
1138 3045 1184 3116 di·

176 3231 177 3236 .
205 3150 310 3232 rinae,
338 3175 370 3220 v.
395 3173 429 3238 g.
453 3151 684 3223 miraculorum
702 3156 888 3224 efficientia:
916 3161 951 3242 in
974 3159 1099 3244 Spiritu
1124 3158 1188 3224 Dei

197 3249 299 3350 *ejicio
312 3262 494 3338 demonem
507 3245 712 3350 peccatorum
731 3263 891 3342 remissio,
911 3277 941 3330 et
959 3256 1185 3350 regeneratio:

203 3361 310 3436 ICOr.
325 3365 360 3446 a,
380 3361 417 3432 ii
434 3389 442 3431 :
459 3366 570 3436 attari
589 3367 680 3449 'estin
692 3370 885 3457 sanctificati
899 3370 1033 3448 estis...;
1058 3369 1189 3434 collatio

205 3461 383 3538 donorum:
396 3472 412 3536 I
426 3466 561 3552 (Ionii,
572 3473 592 3539 d
605 3475 664 3540 :Et
673 3473 849 3540 divisiones
858 3475 1086 3560 operationum
1095 3479 1187 3540 suat.

119 3639 121 3644 .
205 3577 242 3641 ln
256 3577 326 3644 eliis
341 3577 428 3645 loeis
437 3579 568 3668 Spiritui
586 3580 620 3645 S.
636 3579 857 3646 attribuantur
868 3573 1033 3666 inspiratio
1047 3579 1191 3666 prophe-

207 3690 325 3760 tarum,
344 3681 356 3748 l
373 3679 456 3750 Petr.
475 3686 506 3764 t,
524 3685 582 3764 ii;
603 3684 825 3768 saneti'fieatio,
843 3685 874 3753 u
890 3687 1006 3755 'iiross
1020 3685 1057 3768 Ξ),
1078 3684 1133 3766 tr,
1158 3693 1190 3751 ot
