2708 4122
633 335 767 404 -sro
791 373 842 438 ··,

254 479 330 547 tiom
344 477 486 568 pendere
499 482 517 542 u
529 494 689 542 consensu
701 474 883 542 voluntatis.
897 473 948 541 Sic
961 487 1154 572 praesentem
1167 479 1240 566 opi-

253 585 385 652 nionem
403 581 538 672 explicet
559 581 674 648 llolinu
699 580 769 667 ejus
785 581 952 647 inventor:
972 577 1073 662 Deus,
1099 583 1127 648 vi
1151 606 1239 671 prae·

253 691 395 760 scientim
416 709 502 768 strue,
521 689 607 754 ridet
631 687 798 753 hominem
826 687 943 752 talibus
963 688 1071 777 gratiis
1095 675 1234 757 eonsen-

254 817 391 876 surum‚
418 794 487 860 eliis
505 815 570 860 non
598 813 848 860 consensurum.
870 792 903 860 Si
928 795 1086 860 concedat
1110 782 1237 864 homini

253 902 388 989 gratiam
405 900 499 989 primi
523 899 666 986 generis,
689 899 786 966 lromo
807 899 984 988 consentiet
1005 908 1037 968 et
1064 904 1166 986 gretia
1188 921 1240 971 ost

253 1007 388 1084 efficax3
417 1004 443 1074 si
469 1013 545 1074 veru
575 1007 731 1074 concedet
756 1005 891 1092 gratiam
920 999 1057 1075 secundi
1084 1012 1235 1094 generis,

253 1117 352 1182 homo
369 1109 548 1193 dissentiet,
562 1121 592 1179 et
605 1113 705 1198 gretia
723 1125 769 1178 cst
786 1113 972 1200 simpliciter
988 1111 1162 1183 sullieiuns.

303 1223 415 1287 Tertio
441 1222 525 1288 inter
549 1220 767 1309 praecedentos
785 1221 876 1306 quasi
893 1221 1098 1302 intermedia,
1115 1225 1131 1288 'u
1146 1221 1225 1287 Con-

253 1329 383 1415 gruistis
400 1329 542 1409 inventa,
566 1321 702 1392 affirmat
718 1326 828 1410 gratioe
846 1324 1066 1394 efficacitatem
1086 1329 1184 1416 repeti
1195 1349 1233 1396 cx

254 1435 355 1523 ipsius
372 1436 594 1521 congruitate,
622 1421 847 1498 sufficientium
876 1440 951 1498 veru
973 1453 1010 1500 cx
1028 1435 1237 1520 congruitntis

254 1542 395 1612 delectu.
411 1540 604 1628 'congruitas
618 1547 725 1606 autem
744 1538 853 1622 grotiae
867 1539 1024 1626 estipsius
1042 1552 1237 1630 attempera-

254 1647 297 1716 tio
311 1670 385 1715 cum
399 1646 553 1726 heminis,
569 1645 621 1716 cui
631 1645 831 1726 conceditur,
850 1652 975 1725 nature,
990 1644 1116 1742 indole,
1124 1645 1237 1716 variis·

256 1773 320 1842 quc
337 1751 597 1820 circumstantiis.
617 1751 708 1818 Unde
728 1752 757 1816 l.
774 1771 818 1817 cx.
834 1756 899 1817 und
916 1764 1018 1838 perte,
1036 1753 1151 1838 grutiae
1171 1750 1238 1840 nelli·

253 1859 631 1927 encitesautsutllcientia
646 1879 711 1924 non
729 1869 776 1923 est
790 1858 950 1937 obsolute,
971 1869 1005 1924 ut
1022 1857 1136 1926 volunt
1155 1861 1237 1927 Tiro·

253 1965 368 2044 mistae,
387 1965 444 2030 sed
462 1965 605 2039 relativa,
624 1983 682 2028 seu
705 1961 892 2048 dependens
909 1970 927 2030 d
944 1964 1039 2040 variis
1062 1963 1233 2034 lrominum

252 2073 387 2146 notum,
406 2066 535 2151 indole,
555 2066 715 2154 variisque
741 2069 1006 2150 circumstantum
1027 2071 1061 2138 ἰ).
1080 2093 1120 2138 ex
1136 2073 1231 2139 altere

252 2185 342 2264 purte
359 2171 530 2240 ellieecitas
547 2185 602 2239 eut
624 2171 758 2260 simplex
783 2175 985 2258 sullioientio¹
999 2199 1065 2244 non
1085 2179 1222 2268 pendete
1297 2267 1301 2274 ¹

251 2278 321 2346 solo
334 2273 495 2346 consensu
504 2278 686 2356 voluntatis,
709 2291 744 2348 ut
762 2276 829 2352 uult
845 2283 987 2350 sccnndo
1006 2281 1128 2369 opinio.
1144 2279 1224 2346 Gon·

171 2467 177 2472 Ι
252 2385 374 2476 gruitns
392 2385 479 2454 enim
495 2399 550 2454 aut
570 2408 635 2470 non
651 2387 847 2474 congruitas,
866 2391 884 2454 ἐι
902 2387 1112 2476 qut-pendet
1128 2387 1230 2456 ellicu-

252 2493 331 2564 crtus
344 2505 398 2560 eut
410 2489 613 2573 sufficientia,
639 2493 852 2570 desumitur
843 2517 861 2560 a
879 2495 1143 2580 circumstantiis,
1164 2515 1235 2584 quae
1327 2539 1328 2550 ἢ

251 2613 327 2670 sunt
343 2603 360 2667 is
374 2597 538 2666 uoluntate
559 2597 828 2686 independentcs

292 2709 427 2790 Quurta
450 2705 554 2772 existit
578 2707 746 2786 sententio,
768 2707 888 2772 seilicet
911 2677 1235 2802 AugustinienAorum

141 2799 145 2820 ⁸
251 2809 525 2899 Augustiniani,
501 2832 545 2877 sre
555 2811 705 2900 appellati
722 2813 805 2879 enS.
817 2805 993 2898 Augustino
1005 2834 1103 2899 quem
1117 2813 1240 2898 ducem
1327 2871 1328 2878 ,

251 2941 344 3010 sequi
336 2918 576 3005 gloriantur,
567 2941 599 2986 m
612 2940 649 2985 ee
666 2939 740 2985 cum
751 2921 904 2988 Junsenio
917 2918 1134 3002 consentiunt,
1146 2923 1241 3021 quod

251 3047 382 3106 omnem
400 3025 535 3112 gretiam
553 3039 710 3112 reponunt
722 3027 754 3090 in
775 3009 894 3092 coelesti
911 3027 1124 3094 delectatione
1138 3050 1240 3118 supe·

248 3131 330 3219 riori
347 3144 381 3197 et
394 3129 517 3218 victrici
537 3130 563 3198 si
585 3131 702 3198 lmbcut
725 3125 889 3212 ellectum,
916 3133 1060 3220 infcriori
1080 3149 1192 3203 nutem
1211 3137 1239 3202 si

251 3242 361 3300 curent
376 3211 505 3322 ellectu.
520 3238 554 3302 ln
571 3237 623 3303 nis
635 3245 710 3304 reru
727 3262 744 3304 a
760 3239 915 3307 lunsenio
930 3211 1128 3330 differuntl
1144 3241 1236 3330 quud

245 3339 358 3407 dieunt
374 3319 537 3410 ooelcstem
556 3339 801 3412 delectationem
819 3368 884 3412 non
895 3367 965 3413 cssc
978 3347 1108 3469 semper
1125 3348 1234 3450 chari

247 3456 370 3538 tatem3
382 3451 416 3518 2.
433 3449 630 3556 quuduclint
646 3453 707 3518 sub
722 3453 773 3519 illo
788 3445 1058 3554 delectatione,
1032 3476 1059 3520 sr
1080 3455 1120 3522 'sit
1135 3475 1234 3562 supe·

250 3547 452 3632 monueram
469 3577 540 3622 esse
556 3557 711 3642 peccandi
729 3557 916 3658 potentium,
935 3547 1045 3632 subed
1067 3575 1191 3644 nutem,
1205 3561 1231 3627 si

251 3655 291 3720 cit
305 3655 448 3761 interior,
466 3654 588 3725 nullom
603 3681 673 3727 csse
691 3655 845 3784 peccandi
863 3667 1121 3735 necessitatem.

1324 2711 1328 2842 Ρ
