2622 4154
569 177 723 244 ,5.-

150 315 260 386 satiari
287 327 393 405 potest
416 317 575 405 appetitus
602 321 783 388 intellectus
808 322 849 387 ad
866 323 1051 407 veritatem3
1077 347 1138 414 per

33 475 34 478 ,
152 443 299 498 amorem
325 423 398 502 Dei,
428 423 508 490 Boni
534 425 691 513 supremi,
717 427 877 538 appetitus
902 429 1074 498 voluntatis
1091 431 1136 498 ad

154 529 291 596 bouum.
978 584 981 592 .

199 634 233 700 5.
246 635 320 700 Sola
330 634 566 722 possessioDei
579 649 684 724 potest
694 637 860 706 hominem
873 639 967 728 plene
978 641 1135 728 perlicere

160 749 190 805 et
203 738 403 806 beatificare:
421 733 530 810 'anna
549 741 635 806 enim
652 754 782 812 nen-est
797 746 953 833 perfectio
977 760 1008 812 ct
1031 746 1135 814 beati·

161 843 246 924 tullo,
264 844 456 930 cuialiquid
473 844 548 910 addi
561 858 677 934 potest.
696 849 795 916 Porro
813 849 1002 937 perfectioni
1019 859 1050 918 et
1062 852 1135 918 bea·

159 950 470 1038 titudiniacquisitae
490 973 549 1040 ρει
569 956 807 1040 possessionem
829 969 986 1036 creaturae
1010 957 1134 1045 aliquid

161 1055 231 1120 addi
248 1065 373 1142 potcst3
400 1059 489 1134 cum,
516 1076 554 1121 ex
577 1063 643 1122 una
666 1067 770 1146 parte,
795 1060 894 1128 homo
910 1061 1010 1149 possit
1026 1062 1133 1129 Deum

162 1162 322 1248 possidere
338 1183 395 1248 per
410 1163 630 1246 cognitionem
652 1177 684 1230 et
700 1185 859 1246 amorem,
886 1174 922 1232 ut
938 1171 1035 1254 supra
1052 1167 1133 1234 dixi·

170 1284 256 1346 mus;
274 1271 354 1346 cum,
374 1267 649 1356 erchemperto,
667 1269 821 1354 perfectio
841 1283 871 1336 et
887 1272 1054 1338 beatitudo
1070 1293 1135 1339 ma=

166 1393 241 1438 naus
257 1394 294 1440 ει
313 1373 518 1461 possessione
535 1375 595 1440 Dei
619 1375 659 1440 sit
679 1373 894 1440 essentialiter
913 1375 1021 1460 major,
1034 1383 1133 1460 ouam

160 1479 308 1566 perfectio
325 1481 540 1546 etbeatitudo
557 1492 625 1547 orta
642 1501 683 1548 ειι
695 1480 900 1568 possessione
917 1485 1087 1546 creaturae.

185 1587 284 1674 sap.
310 1587 396 1653 Finis
413 1571 554 1660 hominis
570 1595 618 1654 est
634 1587 735 1667 Deus,
755 1589 913 1674 quolenus
937 1606 1132 1674 cognoscens

156 1693 212 1784 dus
226 1704 258 1759 el
275 1693 438 1759 amandos
452 1718 465 1758 e

192 1799 274 1866 Nam
290 1799 325 1863 l⁰
343 1781 441 1864 homo
454 1799 625 1868 ordinatur
635 1801 675 1866 ad
688 1803 807 1880 Deum,
822 1811 863 1867 ut
869 1801 967 1868 modo
985 1800 1134 1867 humano

152 1903 254 1992 ipsius
279 1902 416 1989 gloriam
445 1911 616 1990 procuret3
648 1925 746 1994 porro
774 1926 831 1994 per
855 1906 1073 1990 cognitionem
1101 1913 1134 1972 et

151 2031 299 2076 amorem
328 2013 454 2076 tautum
470 2010 577 2075 homo
604 2017 709 2098 potest
729 2010 867 2096 gloriam
896 2011 956 2078 Dei
990 2013 1134 2078 humano

150 2117 252 2182 modo
265 2134 460 2203 procurare..
473 2153 516 2164 -
534 2117 573 2182 Et
585 2117 691 2204 primo
704 2116 855 2202 quidem,
881 2137 938 2202 per
960 2116 1021 2184 lros
1039 2129 1133 2184 actus

150 2221 261 2289 Deum
287 2220 445 2306 glorificat
461 2220 605 2288 humano
630 2221 743 2288 modo.
762 2221 933 2308 Siquidem
955 2222 1133 2308 proclamat

147 2326 513 2409 Deumcssesummam
521 2327 709 2407 Veritatem,
724 2347 980 2414 supremumque
991 2328 1131 2407 Bonum,

146 2454 205 2521 per
227 2443 325 2498 actus
343 2430 529 2498 facultatum
555 2433 725 2498 hominem
742 2434 917 2500 intrinsece
934 2433 1136 2518 constituen-

33 2567 35 2576 ,
148 2540 258 2617 tium,
282 2537 409 2604 scilicet
432 2559 490 2625 per
514 2529 712 2603 intellectum
736 2544 767 2602 et
782 2536 1051 2602 voluntatem-
1072 2539 1133 2608 Pet

146 2646 234 2712 alios
249 2654 359 2709 autem
370 2655 472 2721 actus,
487 2641 548 2707 nist
541 2641 737 2726 procedant
748 2640 789 2704 ab
803 2638 969 2704 intellectu
980 2638 1135 2706 etvoluu-

146 2758 229 2831 tate,
239 2749 490 2852 potestquidem
503 2747 618 2813 Deum
621 2743 819 2830 glorificare
835 2744 902 2810 sed
907 2763 998 2810 more
1012 2746 1138 2814 entium

147 2855 280 2924 ratione
302 2867 333 2921 et
354 2854 518 2921 voluntate
543 2841 763 2985 priuatorum,
782 2871 847 2918 non
863 2855 941 2920 vero
958 2853 1056 2920 modo
1073 2855 1135 2922 hu.-

149 2983 266 3032 mano

199 3069 239 3136 9⁰
257 3071 298 3137 Ut
317 3069 406 3137 Deus
427 3067 571 3156 perficiat
587 3081 618 3136 et
634 3070 797 3138 beatificet
813 3069 978 3138 hommem
985 3117 1000 3150 ‚.
1024 3067 1135 3155 requi

37 3161 43 3174 ⁸
150 3175 236 3242 ritur
257 3185 294 3242 ut·
309 3177 355 3242 ab
372 3165 506 3244 homine
535 3173 753 3264 possidealun
783 3176 882 3242 Porro
909 3175 1008 3240 homo
1024 3175 1134 3240 Deum

151 3280 323 3371 possidere
339 3303 405 3348 non
422 3289 539 3368 potest,
557 3282 619 3347 nisi
636 3303 693 3368 par
709 3280 939 3364 cognitionem,
961 3297 1035 3362 quae
1057 3297 1134 3342 con-

150 3385 262 3473 jungit
277 3385 474 3453 intellectum
499 3405 576 3452 cum
594 3385 677 3464 Deo,
700 3386 827 3449 summa
851 3380 1000 3456 Veritate,
1029 3391 1061 3446 et
1078 3401 1135 3470 per

155 3510 301 3558 amorem
319 3491 634 3579 quotaonglmtmtur
651 3509 725 3555 cum
742 3488 824 3566 Deo,
844 3505 996 3574 supremo
1013 3487 1116 3556 Bono.
1188 3567 1190 3570 v
