2640 4150
596 423 639 441 -
664 387 728 460 tot
751 423 796 438 -—

277 545 373 602 tnu—
383 545 450 592 rude
460 549 610 594 eniserunt
619 549 671 594 sunt
679 545 821 601 paruula
835 543 1095 598 murotenus,

497 667 523 724 Ι.
536 667 733 734 dissentione,
749 664 873 720 seilicet:
923 683 926 690 ¹

491 789 519 840 1⁰
532 789 643 840 Gratiam
655 787 859 840 sanctificantem
873 801 880 836 :

238 930 338 998 Prota.
355 930 402 996 pu,
423 929 463 996 lix
481 930 626 998 doctrina
644 928 816 1010 llcclesiae,
834 950 893 1018 per
905 941 1074 1016 peceatum
1091 949 1178 1000 mar·

196 1036 259 1102 tale
276 1037 432 1103 amittitur
447 1038 546 1122 gratia
564 1037 779 1115 sanctificans3
801 1057 873 1102 eam
890 1036 1026 1124 proinde
1039 1037 1181 1125 perdidit

105 1141 110 1151 '
192 1140 1174 1232 Adamperpeccatumsuum,sihocpeccatumtueritgrave:

194 1268 293 1334 porro
308 1249 378 1336 ejus
386 1249 522 1334 gravitas
539 1270 577 1316 ex
589 1247 673 1316 iufra
685 1248 831 1316 dicendis
847 1247 1019 1314 constabit.

243 1355 344 1422 Prot.
371 1358 422 1422 2⁸.
450 1357 589 1426 Ecclesia
613 1357 715 1423 credit
737 1356 897 1422 Adamana
924 1376 983 1444 per
1009 1361 1178 1447 peccatum

200 1481 296 1528 suum
311 1464 446 1547 gratiam
463 1463 715 1532 sanctificantem
733 1461 891 1528 amisisse.

236 1567 337 1634 Prot».
361 1566 406 1633 5¹.
426 1568 468 1634 llx
481 1567 624 1634 Concilio
645 1567 836 1632 Tridentino
856 1571 958 1654 snpra
973 1561 1067 1633 citato
1081 1587 1180 1632 cons-

198 1685 244 1738 tat
257 1673 414 1743 Adurnum
433 1693 490 1760 per
507 1685 673 1761 peceatum
690 1693 786 1740 suum
808 1675 1023 1746 sanctitatem,
1039 1672 1179 1753 etjusti-

198 1781 288 1858 tiam,
304 1782 340 1847 in
355 1784 420 1867 qaut
432 1783 621 1847 consecutas
629 1785 749 1866 ficerat,
762 1783 919 1859 amisisse,
934 1779 1178 1862 incuriaeque

193 1907 255 1972 per
274 1889 429 1973 offensum
443 1889 728 1972 prevaricationis
749 1885 934 1972 hujusmodi
951 1885 1038 1950 irum
1049 1895 1077 1950 et
1093 1885 1180 1950 indi·

182 1993 384 2077 ·pnotioncm
398 1993 471 2060 Dca'.
535 2015 543 2046 ,-

261 2133 288 2182 2⁰
299 2131 387 2184 Finem
396 2133 626 2198 supernaturalem,
641 2146 688 2184 seu
699 2131 742 2196 ius
756 2131 789 2184 ad
803 2131 928 2182 visionem
941 2129 1105 2182 lutultlram:
1156 2185 1159 2192 ,

238 2259 340 2326 Psoi.
356 2260 457 2326 ddum
482 2282 539 2347 per
563 2272 731 2348 peccatum
752 2251 848 2325 suurn
870 2260 1005 2344 gratiam
1035 2259 1174 2326 sanctifi-

194 2377 320 2432 cautem
330 2365 459 2444 amisit;
474 2366 610 2452 proinde
615 2365 670 2452 jus
682 2365 885 2432 advisionem
898 2365 1087 2444 latudinem,
1100 2370 1175 2432 cium

194 2491 232 2564 εις
248 2469 394 2550 doctriutl
410 2479 442 2536 et
456 2472 520 2538 fide
538 2471 706 2552 Ecclesiae,
721 2473 794 2560 jure
814 2474 854 2538 ad
871 2473 1038 2540 visionem.
1050 2469 1172 2536 intuiti·

193 2598 265 2643 vam
288 2575 455 2666 priventur
471 2579 527 2665 qui
544 2579 679 2666 gratiam
702 2575 954 2649 sanctificantem
981 2599 1046 2647 nou
1070 2573 1175 2666 possi-

194 2684 285 2754 deut.

434 2863 445 2876 k*
485 2801 513 2850 50
526 2800 571 2852 lus
589 2799 620 2852 ad
638 2800 734 2868 gratias
751 2800 884 2852 actuales:

183 2967 188 2974 ·
235 2934 336 3000 Proh.
355 2933 453 3002 ddum
470 2935 577 3002 amisit
594 2957 652 3024 per
669 2948 836 3024 peccatum
852 2935 909 3023 jus
925 2934 965 3006 od
981 2933 1092 3012 finem,
1112 2953 1175 3002 scu

188 3039 231 3104 ad
243 3039 398 3137 visionem
413 3043 610 3122 intuitivam3
629 3065 706 3128 ergo
724 3043 829 3110 amisit
840 3042 895 3130 jos
913 3043 953 3109 ad
969 3039 1089 3122 media,
1110 3062 1171 3107 scu
1198 3061 1204 3072 ¹

191 3145 231 3209 ad
248 3147 379 3229 gratias.

423 3297 425 3304 ,
542 3262 583 3319 11.
609 3262 816 3322 Acctdcntolto:

234 3394 336 3463 Proh.
359 3417 468 3482 persor.
485 3397 530 3466 1¹.
546 3399 587 3465 lix
609 3399 712 3478 dictis,
728 3400 784 3466 ubi
809 3400 850 3467 de
872 3399 1085 3467 relationibus
1105 3397 1173 3470 elc-
1275 3409 1278 3412 '

190 3515 374 3570 mentorum
389 3510 488 3572 status
506 3507 712 3587 innocentie,
728 3505 768 3574 ab
786 3508 1013 3574 essentialibus
1028 3505 1173 3594 pendent

179 3608 419 3688 ‘accidentalia3
439 3633 528 3698 ergo,
545 3613 671 3679 amissis
688 3613 863 3701 prioribus,
878 3614 979 3680 amitti
992 3612 1172 3703 posteriore

179 3713 322 3775 “necesse
339 3713 410 3777 luit.
547 3717 550 3724 '
888 3741 889 3746 ¹
