2622 4154
619 440 806 514 rid--

245 581 314 646 1¹.
334 581 471 651 Trinitas
490 601 555 649 uon
571 581 686 660 existit,
706 582 785 669 quia
798 605 857 670 per
873 585 1031 652 rationem
1048 587 1203 656 demons-

222 699 323 758 tratur
339 686 411 774 ejus
429 687 683 776 impossibilitas

266 793 315 859 2³.
328 791 418 860 Ratio
438 795 575 882 propriis
589 795 709 862 viribus
732 804 838 881 potest
858 799 1081 882 assurgerent}
1095 766 1201 870 notio·

220 919 295 968 nem
310 900 486 980 Trinitatis,
504 901 659 992 iilumque
676 901 914 970 demonstrare

250 1003 314 1072 ¹5³.
334 1005 757 1076 PositanotioneTrinitotis
769 1009 885 1096 praeuio
902 1017 1066 1096 acceptata
1082 1019 1100 1080 a
1114 1035 1202 1080 reve·

221 1106 354 1190 latione,
370 1113 450 1180 ratio
467 1112 622 1182 naturalis
636 1127 743 1200 potest
759 1109 897 1204 propriis
915 1115 1043 1198 viribus
1054 1118 1202 1186 demons-

223 1229 308 1281 trare
321 1217 522 1283 existentiam
538 1219 714 1288 Trinitatis.

256 1323 319 1406 dt.
335 1324 424 1390 Ratio
438 1323 673 1410 sibidereiiota,
689 1347 748 1392 nee
764 1325 1054 1414 impossibiiitatem
1064 1330 1205 1398 Trinita-

222 1429 262 1496 tis
289 1430 448 1518 probare,
483 1451 544 1500 nco
574 1431 746 1519 adirujus
774 1432 933 1517 dogmatis
965 1437 1130 1514 notionem
1165 1461 1204 1506 aa

222 1536 532 1605 demonstrationem
556 1539 724 1625 pervenire
739 1546 858 1628 potest.

268 1643 370 1712 Falsas
383 1656 459 1712 sunt
474 1651 539 1710 tres
562 1645 724 1732 praedictae
750 1645 940 1712 solutiones.
967 1646 1087 1711 Ultimae
1104 1645 1196 1711 sotu-

222 1751 317 1817 tionis
330 1752 447 1816 veritas
463 1751 622 1816 constabit
632 1751 827 1818 refutatione
843 1751 1104 1841 praecedentium.

181 1857 184 1862 ’
269 1857 301 1922 1·
317 1856 452 1922 Salutio.
473 1855 612 1922 Trinitas
628 1879 695 1924 non
711 1859 843 1938 existit,
858 1860 934 1948 quia
962 1879 1018 1948 per
1042 1859 1208 1926 rationem

225 1961 821 2051 demonstraturejcsimpossibiiitas.
932 2039 934 2049 ,

271 2073 381 2158 Restat,
395 2072 443 2138 Ad.
453 2073 742 2148 demonstrandum
756 2095 813 2162 per
825 2075 984 2144 rationem
996 2072 1207 2162 impossibili·

187 2245 190 2252 Δ
223 2190 321 2243 tutem
344 2178 442 2266 hujus
467 2178 646 2264 dogmatis,
673 2181 847 2248 adversarii
878 2181 1017 2284 probare
1047 2179 1209 2246 deberent

220 2285 410 2356 Trinitatem
432 2287 661 2354 contradicere
671 2288 783 2353 unitati
806 2288 955 2354 essentiae·
980 2288 1011 2351 in
1036 2285 1119 2364 Deo,
1147 2301 1205 2352 out

222 2395 407 2480 repugnare
418 2415 555 2506 sammaa
570 2395 627 2461 Dei
641 2393 842 2484 perfectioni.
859 2393 957 2504 Atqui
966 2402 1120 2463 neutrum
1136 2415 1207 2482 pro·

227 2497 448 2588 baripotest

267 2609 335 2677 Non
350 2609 463 2697 prius:
478 2609 610 2690 Adesset
623 2599 776 2696 equidem
797 2599 1032 2710 contradictio,
1051 2631 1078 2674 sr
1070 2605 1204 2674 Trini-

224 2725 271 2783 tas
285 2730 316 2783 et
333 2717 441 2782 Unitas
454 2715 694 2784 affirmarentur
705 2719 746 2782 de
762 2719 832 2782 Deo
845 2715 906 2783 sub
925 2717 1040 2782 eodem
1056 2727 1210 2802 respectu

223 2823 440 2892 considerato
452 2825 517 2892 Sed
530 2823 668 2891 Trinitas
679 2822 858 2890 affirmatur
871 2823 912 2890 de
925 2815 1083 2934 personis,
1097 2821 1212 2888 Unitas

223 2943 333 2998 autem
346 2932 387 2998 da
401 2932 553 2997 essentia

270 3035 340 3099 Non
364 3036 547 3121 posterius.
568 3037 655 3118 Quin
670 3035 835 3102 Trinitatis
848 3035 964 3122 dogma
983 3043 1141 3123 repugnet
1156 3032 1213 3098 in-

225 3138 325 3206 aauae
341 3140 402 3208 uei
413 3140 622 3228 perfectioni,
638 3149 656 3208 e
672 3155 782 3208 contra
800 3165 858 3230 per
873 3143 1061 3216 Trinitatem
1086 3138 1216 3226 optime

225 3245 386 3333 compieta
406 3247 588 3335 percipitur
605 3249 666 3316 Dei
688 3250 858 3338 perfectio.
884 3249 1075 3335 Siquidem,
1103 3247 1216 3334 posito

223 3353 375 3438 dogmate
388 3354 566 3435 Trinitatis,
584 3357 781 3448 admittenda
807 3369 855 3435 est
880 3357 911 3446 in
937 3355 1006 3448 Deo
1027 3353 1215 3424 fecunditas

223 3460 359 3538 infinita,
385 3464 460 3528 eirm
491 3461 607 3528 divinis
632 3452 841 3528 iacuitatibus
874 3459 1099 3550 producantur
1118 3467 1214 3526 aetus

221 3566 464 3647 substantiolae,
484 3570 685 3656 personatos,
704 3567 1014 3647 infiniti3dt1m‚-in
1033 3565 1210 3654 hypothesi

223 3675 396 3753 contraria,
413 3689 503 3740 aet-us
521 3676 619 3740 divini
640 3675 720 3741 nihii
743 3675 831 3742 oiiud
850 3681 960 3741 essent
985 3677 1084 3760 quam
1098 3671 1215 3739 ¹merae

224 3777 479 3844 modificationes
501 3781 729 3847 attributorum
747 3785 763 3848 a
782 3783 903 3870 quibus
921 3781 1117 3870 procedunt.
1194 3851 1197 3858 ,
