2708 4122
603 293 805 362 486-

267 437 302 501 l⁰
319 435 377 502 Eas
394 431 498 498 inlluit
516 453 574 520 per
586 433 760 513 Christum,
778 451 907 498 causam
926 432 1128 498 meritorium
1138 458 1151 512 ;
1168 444 1206 501 ut

219 549 317 629 supra
334 539 575 627 probatumest.
1192 555 1196 562 ·

264 647 302 713 2⁰
313 647 370 712 Eas
386 643 490 710 irrlluit
500 663 557 732 per
568 642 743 722 Christum,
758 663 887 709 causam
904 643 1200 711 instrumentalem.

219 753 298 820 Nam
312 753 343 818 l··.
364 753 395 817 iu
417 750 532 815 ordine
554 749 691 814 naturali
709 749 796 816 Deus
813 747 918 814 inlluit
934 748 1091 814 membris
1113 749 1205 837 prin·

220 860 340 948 cipium
357 859 428 922 vitae
441 877 499 944 per
515 866 627 942 caput;
647 861 665 920 a
685 856 753 942 pari
767 855 798 920 in
815 854 930 920 ordine
946 855 1202 941 supernaturali,
1268 858 1272 862 ’

218 959 1196 1052 perChristum,Ecclesiaecaput,inlluitheminibusgratiam,

219 1070 410 1158 pfficipium
428 1069 500 1136 vitae
517 1059 782 1156 supernaturalis.
794 1067 828 1132 ἓ.
846 1065 905 1133 Per
919 1065 1077 1132 Christum
1089 1064 1197 1132 iuiiui-

220 1189 273 1246 tur
284 1175 384 1261 gratia
394 1175 545 1240 actualis:
559 1174 656 1240 Cone.
670 1169 760 1238 Tritl.
778 1191 859 1238 sess.
875 1170 908 1250 6,
924 1191 995 1258 cap.
1013 1170 1074 1236 16:
1091 1170 1201 1236 Claria-

220 1292 270 1348 tur
282 1283 438 1367 tcmqmlm
448 1290 546 1366 eaput
556 1281 589 1345 iu
598 1278 754 1356 membru,
767 1287 796 1342 et
807 1277 962 1362 tuuqucim
971 1277 1057 1354 uitia,
1071 1276 1106 1340 iu
1116 1275 1205 1359 ipses

213 1390 410 1476 jrrctr'picutca
419 1389 544 1472 jupiter
558 1387 709 1451 uirtutem
722 1383 838 1470 iullult,
855 1383 1036 1478 puceuirtup
1047 1381 1136 1447 lectu
1151 1375 1208 1448 eo‘·

217 1514 292 1562 rum
305 1501 542 1580 operu'remper
551 1493 746 1559 antecedit-et
760 1491 929 1556 comitatur
941 1479 1204 1574 etatcb'ccpultur,

162 1645 164 1648 -
218 1611 248 1666 et
263 1602 332 1666 ciue
347 1599 516 1684 quc'nattc
526 1608 623 1683 pacto
641 1599 707 1662 Deo
719 1607 816 1684 pratu
832 1595 1115 1661 etmeritcriueaae
1128 1605 1210 1680 posi·

218 1717 305 1774 tutat.
325 1707 385 1772 Per
396 1704 559 1771 Christum
580 1703 725 1768 irriluitur
740 1700 839 1787 gratia
860 1699 1048 1766 habitualis:
1067 1718 1150 1766 sess.
1170 1701 1207 1782 (l,

219 1835 290 1902 cap.
310 1813 487 1896 7:1ntprc
502 1811 746 1896 justificatione,
764 1828 837 1872 cum
850 1808 1205 1892 remissiouepecccte-

218 1929 302 2005 rum,
315 1917 380 1996 lrcec
404 1915 514 1978 emmiu
530 1914 628 1979 timul
643 1915 753 2000 lusura
769 1914 886 1999 accipit
902 1914 995 1978 lema
1012 1933 1076 1996 per
1096 1913 1209 1980 lecum

222 2022 384 2087 Christum
405 2020 457 2084 cui
480 2019 662 2100 inseritur,
681 2021 791 2109 fidem,
820 2039 920 2105 apem,
943 2029 980 2085 ct*
995 2021 1202 2086 claritatem.

219 2125 304 2196 Num
314 2107 408 2214 fidea,
423 2125 486 2191 ata
481 2126 545 2191 cd
556 2146 627 2192 eum
644 2147 729 2211 epea
726 2127 864 2192 accedat
880 2135 910 2190 ct
929 2127 1088 2206 ellaritua,
1103 2144 1200 2212 neque

219 2227 437 2316 uuit'persectc
451 2249 522 2294 cum
535 2231 674 2324 Cltriete,
694 2249 795 2315 meque
818 2229 966 2314 corperis
994 2229 1065 2312 ejus
1092 2229 1207 2352 eleum

217 2339 396 2426 membrum
412 2338 519 2426 efficit.

327 2545 330 2552 .
385 2504 480 2558 tu.-
452 2507 528 2548 ne
536 2503 639 2549 matura
650 2505 676 2548 et
685 2498 906 2560 mammantibus
921 2501 1025 2560 prnttm

398 2619 423 2674 1.
439 2619 538 2687 Quua.
555 2619 694 2699 Quaenam
711 2618 749 2674 alt
761 2630 869 2676 aarum
880 2616 1010 2687 pretim?

265 2769 345 2836 Cum
356 2767 474 2859 duplex
492 2769 531 2834 sit
543 2769 662 2854 gratia,
678 2767 812 2836 actualis
829 2729 952 2838 seilicet
964 2778 995 2835 et
1015 2763 1205 2846 habitualis,

220 2865 343 2962 duplari
354 2875 565 2962 estquaestie.
585 2867 701 2953 Unde,

264 2981 388 3062 Quaest.
409 2980 456 3046 it.
483 2981 637 3062 Quaenam
653 2982 826 3047 calcatura
842 2980 958 3066 pretate
973 2977 1140 3044 actualia?
1188 2971 1194 2996 ³

262 3085 362 3168 Reap.
381 3083 511 3150 Certum
525 3101 572 3151 est
598 3083 716 3170 gratias
733 3080 874 3151 actuales
890 3069 931 3150 ad
953 3081 1117 3178 duplicem
1144 3100 1204 3148 ua·

218 3201 324 3256 turam
350 3202 384 3256 ct*
400 3192 540 3277 speciem
565 3192 745 3279 pertinere3
770 3191 841 3257 aliae
856 3197 941 3256 'sunt
957 3194 1064 3257 lumea
1086 3198 1203 3275 super'·

218 3282 378 3376 naturale,
408 3294 479 3362 aliae
501 3295 550 3362 via
576 3295 842 3382 supernaturalia.
861 3296 995 3377 (Lumen
1013 3301 1204 3382 supernatu-

218 3403 285 3467 rale
303 3423 380 3468 :seu
396 3424 453 3491 per
467 3423 501 3472 se
513 3422 610 3488 capax
623 3403 821 3482 intellectum
833 3401 1202 3489 supernaturaliterillu·

217 3506 383 3582 minarrdi3
404 3506 450 3570 vis
470 3507 743 3592 supernaturalis:
762 3529 819 3573 seu
839 3527 896 3593 per
912 3529 947 3572 se
972 3525 1070 3594 capax
1087 3507 1200 3573 velun·

219 3617 316 3667 tatem
338 3609 625 3688 supernaturaliter
645 3611 661 3672 a
687 3609 771 3673 malo
793 3612 978 3688 avertendi,
1010 3612 1049 3677 ad
1076 3611 1201 3678 bonum

172 3743 175 3749 s
221 3704 418 3788 impellendi,
432 3707 579 3790 incoque
593 3713 799 3794 exsequentia
818 3715 1017 3804 adiurandi-l
1092 3728 1095 3734 “
