2622 4154
601 315 779 382 ...Η-

248 463 344 548 Resp.
362 459 455 528 Fides
467 459 500 524 in
513 475 632 546 genere
647 465 714 525 est:
729 457 871 523 odlroesio
882 460 981 545 firmo
992 459 1106 526 mentia
1116 462 1185 525 erri-

203 571 281 635 dam
296 569 427 634 veritati
439 575 575 652 propter
588 566 826 632 testimonium(

250 673 343 740 Fides
356 672 418 742 hoc
430 692 528 738 sensu
537 669 680 755 generali
689 680 816 756 sumpta
826 669 950 735 diversa
962 681 1076 759 estpro
1086 670 1189 737 diver-

205 780 248 846 sis
265 779 457 846 testimoniis
481 778 600 864 quibus
621 776 768 842 innititur
791 795 954 842 assensus.
979 777 1032 843 Est
1049 759 1163 842 divina
1176 785 1193 856 ,’

204 885 436 963 eeclesiastico,
457 885 626 963 humana,
652 887 749 970 prout
774 882 995 948 testimonium
1018 903 1076 969 per
1097 885 1188 968 quod

205 988 595 1057 determinaturadhaesio
614 989 732 1056 urentis
750 996 797 1054 est
813 988 971 1067 divinum,
991 987 1188 1054 ecclesiasti-

206 1115 294 1174 cum,
313 1094 506 1162 humanum.
520 1095 624 1160 —De
640 1094 705 1160 fide
725 1096 816 1160 mere
835 1093 979 1160 humant
1000 1113 1096 1178 agere
1120 1115 1188 1160 non

204 1203 417 1269 intendimus.
1007 1211 1010 1222 '

132 1289 138 1300 ’
249 1308 343 1374 Fides
359 1310 474 1374 divino
485 1320 533 1374 est
545 1307 718 1375 habitualis
732 1305 947 1384 emortualis,
960 1311 1057 1394 proiit
1067 1321 1189 1394 speeta-

204 1425 257 1480 tur
273 1414 421 1482 utairtus
438 1424 494 1482 aut
505 1421 608 1480 aetus.

247 1521 342 1590 Fides
358 1521 534 1588 habitualis
545 1533 613 1588 est:
637 1521 737 1587 virtus
756 1519 1010 1607 supernaturalis
1027 1532 1060 1585 et
1075 1519 1189 1587 inlusa·

205 1631 269 1714 qut
285 1649 378 1694 mens
389 1628 564 1694 inclinatur
580 1627 620 1692 ad
632 1626 868 1692 adherendum
890 1626 1028 1692 firmiter
1043 1627 1188 1694 veritati-

203 1733 264 1799 bus
277 1734 373 1799 aDeo
385 1733 535 1799 revelatis
544 1743 576 1798 et
588 1751 646 1819 pro
658 1729 775 1798 talibus
788 1739 878 1798 nerto
888 1733 1038 1818 cognitis,
1052 1744 1189 1822 propter

205 1837 428 1904 testimonium
443 1837 615 1905 revelantis
631 1838 692 1904 Dei
709 1841 836 1906 summe
847 1839 982 1905 veracis.

248 1943 507 2010 Dicimuszfrdes
519 1944 692 2012 habitualis
703 1957 751 2012 est
766 1983 812 1994 -
827 1946 953 2010 virtus.-
975 1965 1032 2010 seu
1055 1944 1190 2011 habitus

203 2047 379 2136 disponens
394 2061 427 2116 et
447 2049 604 2118 inelinans
621 2051 661 2116 ad
678 2050 825 2128 bonum;
841 2087 889 2100 -
902 2052 1168 2135 supernaturalis
1178 2077 1199 2115 :-

201 2155 309 2242 quaid
323 2155 492 2240 originem,
510 2156 543 2222 in
560 2177 606 2234 se,
627 2156 735 2241 quoad
753 2154 863 2236 linem,
880 2169 917 2220 ut
932 2156 1008 2221 alibi
1029 2154 1187 2243 probabi-

202 2271 266 2341 tur;
282 2298 327 2310 -
339 2274 370 2328 et
385 2264 516 2347 lasieso:
529 2263 561 2327 id
576 2274 623 2327 est
639 2281 705 2328 non
719 2260 874 2346 acquisita
892 2283 951 2348 per
965 2273 1056 2328 actus
1068 2267 1187 2353 repeti-

202 2379 252 2433 tos
265 2366 417 2447 hominis,
429 2368 486 2432 sed
497 2367 683 2432 immediate
695 2370 713 2432 ὲ
724 2367 793 2432 Deo
806 2367 838 2432 in
849 2368 955 2435 anima
965 2388 1022 2455 per
1031 2372 1190 2456 operatio·

201 2490 277 2537 nem
291 2471 570 2558 supernaturalem
588 2473 732 2560 deposita
742 2496 750 2551 ;
762 2510 809 2523 -
821 2475 984 2557 qudmeoa
994 2475 1191 2540 inclinatur:

200 2577 302 2643 virtus
319 2578 405 2645 enim
425 2582 540 2644 natum
557 2584 615 2644 sua
632 2578 763 2644 inolinst
778 2581 818 2646 ad
843 2580 965 2646 bonum
981 2604 989 2659 ;
1010 2583 1111 2646 —ad
1125 2583 1188 2648 od·

202 2684 408 2752 laearoredum:
423 2684 503 2752 fides
521 2685 607 2752 enim
619 2697 667 2754 est
677 2684 823 2758 adhaesio
830 2686 946 2752 mentis
959 2710 1024 2764 ;.—
1030 2685 1189 2774 firmiter:

202 2791 235 2858 id
252 2800 300 2860 est
321 2792 446 2882 absque
462 2792 529 2860 ulla
551 2794 750 2882 suspicione,
767 2792 969 2860 dubitatione
985 2793 1183 2869 voluntari&

201 2931 244 2946 —-
256 2897 478 2964 veritatibuad
493 2900 743 2965 Deorevelatr's:
760 2899 923 2984 siquidem
945 2898 1023 2966 solae
1039 2901 1184 2966 veritates

202 2996 302 3066 atreo
315 3001 462 3068 revelate
484 3015 619 3088 possunt
635 3023 706 3068 esse
723 3003 887 3088 objectum
904 3004 980 3071 fidei
998 3006 1112 3072 divinae
1126 3026 1186 3082 3-

202 3115 232 3170 et
252 3126 315 3190 pro
342 3106 460 3171 talibus
487 3111 572 3171 serto
601 3109 753 3192 capnitis:
784 3109 900 3176 veritas
917 3112 1004 3178 enim
1033 3111 1185 3178 divinitus

201 3211 340 3279 revelata
354 3232 418 3278 non
436 3223 541 3299 potest
552 3212 623 3280 fieri
636 3211 801 3301 objectum
825 3216 902 3282 fidei
918 3216 1048 3295 divinae,
1067 3217 1128 3281 nisi
1145 3217 1187 3282 de

201 3317 309 3385 divina
325 3316 423 3405 hujus
438 3319 578 3390 ueritatis
589 3320 881 3404 revelationeeerto
893 3334 1017 3390 constet
1028 3343 1187 3407 ;-prop-

202 3436 248 3492 ter
261 3427 476 3495 testimonium
496 3427 560 3506 Dei
582 3431 772 3496 revelantis:
801 3430 945 3519 alioquin
973 3449 1038 3495 non
1058 3430 1188 3495 adesset

201 3531 412 3602 fldesdivina.
520 3590 524 3598 .

246 3640 339 3708 Fides
356 3648 505 3725 actualia,
527 3667 585 3716 seu
607 3655 697 3718 aetus
712 3648 788 3718 fidei
813 3661 880 3718 est:
902 3669 1052 3716 assensus
1070 3661 1186 3740 super<
