2708 4122
546 277 748 346 -515-

145 430 247 512 tuum
265 417 558 506 supernaturalium
579 413 868 506 quuarl‘laeullates
887 419 1008 488 clevari
1026 417 1147 490 <telae

154 527 254 593 Porro
272 524 413 591 elevatur
434 523 474 592 ad
502 526 710 613 capacitatem
728 523 919 620 ecgnitienis
949 543 1138 616 supernata·

153 631 230 702 ralis
245 652 302 720 per
314 629 411 701 fidem
424 632 485 710 aad
502 626 711 720 capacitatem
724 634 843 700 amoris
868 634 948 714 Dei,
977 641 1073 722 prout
1090 652 1147 704 est
1241 631 1244 635 ’

154 737 279 806 benum
292 725 444 818 huminis,
458 759 517 826 per
532 759 638 826 spem3
652 739 692 838 ad
710 740 915 826 capacitatem
929 741 1048 808 arnoris
1062 729 1145 822 Dei,.

152 847 251 930 prout
266 854 314 909 est
336 842 459 908 barrum
473 841 671 922 absolulum,
692 865 751 930 ρετ
767 844 969 912 alteritatem.
983 843 1078 932 Ergo.
1098 845 1150 914 2⁰*
1213 891 1214 897 κ
1246 909 1247 914 ,

154 937 306 1013 Nostram
320 945 574 1033 propositionem
592 945 738 1034 explicite
756 947 849 1013 docet
865 947 965 1014 Cane.
976 949 1066 1016 Triu.
1082 971 1136 1016 sua

153 1057 211 1140 pru
229 1051 382 1118 citatum:
397 1051 435 1118 Ia
449 1053 522 1137 ipsu
527 1053 772 1142 justificatione,
785 1048 856 1118 cum
873 1055 1062 1124 recursione
1068 1077 1139 1146 pce-

155 1168 348 1226 catorum„
381 1237 385 1252 ,

198 1263 235 1336 2³
248 1285 287 1349 p.
305 1257 509 1331 Probabilius
522 1265 564 1346 (l)
574 1265 706 1330 virtutes
720 1263 992 1353 supernaturales,
1002 1288 1060 1332 seu
1074 1265 1132 1334 lta·

152 1367 239 1438 luit-us
267 1369 458 1436 inclinantes
483 1357 529 1436 arl
548 1370 673 1436 'bonrrm
701 1392 737 1436 ex
755 1371 991 1458 supernaturali
1017 1371 1146 1438 motivo*

153 1475 317 1560 agendum
332 1465 432 1543 :llam
449 1464 483 1540 l⁰
496 1476 650 1564 perfectio
661 1476 814 1558 hominis,
828 1497 885 1564 per
897 1477 1029 1562 gratiam
1045 1495 1136 1544 sanc·

151 1578 328 1670 tilicantem
341 1581 381 1650 ad
404 1589 525 1649 statum
541 1581 820 1670 supernaturalem
837 1581 963 1664 elevati,
980 1584 1075 1668 exigit
1101 1595 1138 1650 ut

149 1689 193 1756 ad
211 1687 334 1759 bonum
350 1689 596 1779 supernaturale
613 1688 1064 1755 lrabitualitcrinclinetur.'2⁰
1075 1687 1133 1756 Ca-

149 1796 328 1866 teclrismus
359 1795 492 1864 Concilii
520 1797 700 1863 'l'ritlentini
726 1797 767 1862 ilc
794 1797 895 1882 gratia
917 1797 1137 1866 sanctificante

148 1904 225 1971 haec
246 1903 308 1970 ait:
326 1903 410 1970 Huic
423 1903 560 1970 additur
575 1903 795 1970 nobilissimus
820 1905 963 1970 curulum
980 1905 1137 1972 uirtutum

147 2011 336 2098 comitatus,
351 2029 423 2096 quac
437 2030 509 2076 euru
524 2011 634 2096 pratici
652 2011 685 2075 iu
697 2011 843 2076 animum
859 2011 1090 2096 infunduntur.

155 2185 160 2188 .
195 2117 229 2182 5²
245 2137 282 2202 p.
301 2116 515 2184 Probabiliter
528 2117 569 2198 (ᾖ)
587 2116 672 2184 dona
690 2116 826 2206 Spiritus
847 2117 975 2183 Sancti:
993 2118 1136 2199 (Donum

151 2211 289 2308 Spiritus
301 2221 409 2290 Sancti
427 2234 476 2289 cst
505 2220 641 2308 qualitas
660 2222 931 2310 supernaturalis,
957 2229 1021 2310 quu
1038 2220 1137 2288 hamc

143 2324 239 2415 ¹liene
250 2328 433 2418 disponitur
445 2325 790 2396 adextraardinariam
817 2327 1060 2414 inspirationem
1089 2327 1138 2395 ui·

151 2433 260 2501 uiuam
271 2433 491 2522 recipiendam
508 2444 538 2499 et
556 2423 808 2518 exsequendam.
820 2431 949 2518 Septem
963 2444 1038 2498 sunt
1052 2434 1141 2498 dona

153 2537 294 2628 Spiritus
317 2540 437 2608 Sancti.
455 2538 522 2606 Atia
539 2538 701 2628 pertinent
717 2538 756 2603 ad
779 2537 997 2618 intellectum,
1019 2537 1079 2604 alia
1097 2539 1141 2604 au

151 2646 366 2719 voluntatem.
390 2648 421 2713 l.
438 2646 529 2732 Dana
562 2646 603 2712 ad
629 2644 827 2711 intellectum
853 2644 1044 2732 pertinentia
1068 2638 1139 2732 ρετ·

147 2750 263 2819 ficiunt
285 2752 335 2822 vel
363 2751 548 2820 facultatem
574 2749 863 2840 apprehendendi,
881 2745 1140 2817 uel'sacultatem

142 2857 330 2947 judicandi.
364 2859 512 2926 Facultas
548 2855 815 2946 apprehendendi
849 2855 1013 2945 perficitur
1049 2856 1142 2924 donc

146 2965 338 3047 intellectus,
359 2973 396 3032 ut
417 2965 558 3034 hominis
585 2963 794 3049 intelligentia
809 2963 892 3030 benc
918 2960 1021 3052 capiat
1038 2975 1069 3029 ct
1082 2983 1138 3050 pe-

145 3082 256 3140 netret
294 3072 414 3140 divina.
453 3072 602 3156 Facultas
625 3069 796 3160 judicandi
827 3069 1015 3160 perficitur,
1054 3069 1138 3137 eirca

146 3195 202 3254 raa
229 3175 353 3247 divinas
371 3175 596 3266 speculativas,
616 3196 674 3268 per
701 3175 825 3260 danum
842 3175 1035 3260 sepianum
1052 3173 1137 3242 circa

184 3361 223 3430 (ll
235 3361 272 3416 lta
282 3363 312 3415 D.
329 3365 422 3416 ultam.
438 3363 495 3426 lu,
510 3340 537 3428 q.
551 3363 653 3425 fluant.
668 3363 695 3423 5,
710 3369 737 3414 ct
748 3375 839 3416 amnes
850 3361 989 3414 Themista
999 3375 1006 3422 ;
1017 3361 1048 3412 u.
1058 3361 1138 3427 vega,

10 3467 11 3476 ¹
129 3439 181 3500 ,itt
202 3445 497 3509 rru.t.-tttt;suarez,
512 3446 544 3496 uc
559 3443 672 3496 cruat.
688 3445 730 3504 Vl,
745 3444 811 3506 eu,
826 3447 981 3494 cumcontra
997 3453 1116 3510 paucas..

181 3538 218 3602 (ἓ)
242 3537 279 3590 lta
294 3537 323 3588 Ι).
340 3536 431 3588 Tuam.
449 3534 506 3594 t-u,
528 3548 554 3598 q.
571 3534 603 3585 68
618 3541 645 3588 ει
662 3535 810 3600 Thomala,
827 3540 914 3588 cantra
929 3533 999 3586 Scot.
1016 3533 1076 3586 dist.
1092 3533 1139 3596 uuy
1195 3605 1199 3612 ι

146 3619 228 3672 ατη
243 3631 249 3684 ;
266 3617 390 3684 vasquez,
408 3615 461 3680 up.
479 3613 545 3680 disp.
562 3614 604 3678 ll,
620 3609 642 3665 c'.
659 3615 684 3665 2.
985 3693 1001 3734 q
