2622 4154
506 235 681 302 ..fip-

88 376 277 462 'proeedero
292 376 309 438 b
327 371 417 451 mtto,
437 389 514 458 ergo
531 373 628 440 Filius
642 373 760 439 qutre
778 372 846 438 solo
860 371 1020 459 proeediu
1033 375 1082 442 ffi-

90 481 169 546 iium
185 475 376 565 procedere
392 496 451 564 per
462 475 596 541 modurn
614 475 817 555 intelieetds,
835 476 989 563 Spiritum
1006 487 1083 546 uero

91 605 146 672 per
167 597 285 648 oerum
303 579 488 660 voluntatis,
510 603 608 670 porro
632 593 722 648 aetus
742 581 913 648 voluntatis
937 599 1083 674 praesup·

94 689 182 778 ponit
194 700 312 754 uotum
320 686 512 768 intellectus,
527 688 662 775 proinde
673 687 809 776 Spiritus
821 688 855 754 S.
864 693 1085 780 praesupponit

98 795 224 860 Filium.
467 807 469 812 ’
735 808 738 814 ’

143 899 180 968 2⁰
194 899 228 965 in
242 898 423 986 Scriptum,
442 897 641 978 Traditione,
656 899 810 986 symbolis
822 910 853 966 et
864 900 1083 970 decisionibus
1170 933 1172 936 ·

105 1006 263 1086 Eeci'esiae,
289 1014 356 1072 tres
378 1003 528 1093 perso-nee
545 1005 660 1072 ordino
688 1007 837 1092 sequenti
858 1009 1080 1089 nominantur,

109 1113 374 1192 seiiiee11Poter,
400 1111 511 1191 Filius,
527 1112 664 1202 Spiritus
683 1112 717 1180 S.
736 1112 826 1180 Ordo
844 1117 907 1180 tbm
932 1129 1082 1185 constans

118 1217 230 1303 ubsque
249 1218 426 1285 intentione
447 1218 610 1285 observari
636 1234 701 1283 non
725 1225 846 1305 potest3
873 1241 971 1307 porro
994 1223 1081 1291 nullu

126 1321 179 1388 ulie
194 1325 268 1389 mtio
281 1325 385 1391 offerri
399 1338 504 1412 potest
520 1331 618 1414 quum
632 1324 767 1390 intentio
784 1325 984 1412 praedieondi
1000 1329 1082 1394 ordi-

118 1450 183 1497 nem
195 1431 452 1519 processionum.
471 1431 553 1516 Ergo
570 1429 699 1496 Filiusb
715 1431 807 1496 Putre
823 1430 892 1495 solo
909 1431 1065 1517 procedit.

110 1525 113 1534 ’
150 1537 248 1604 Prob.
264 1537 313 1603 Ψ.
329 1537 440 1624 Symb.
459 1537 493 1604 S.
507 1536 738 1603 Athon.·Puter
757 1537 778 1600 d
796 1537 885 1601 nullo
902 1546 949 1602 est
967 1539 1082 1622 sucttts,

108 1654 310 1736 permeatus,
325 1645 528 1734 ueopem'tus.
541 1643 641 1708 Filius
653 1643 781 1708 bPutre
791 1643 859 1708 sodo
870 1653 928 1720 est,
938 1661 1003 1710 uon
1017 1643 1083 1727 sue-

106 1759 160 1828 tm,
178 1769 239 1816 nec
257 1735 399 1828 creatus.
413 1751 471 1814 sed
483 1750 623 1834 penitus.

140 1855 174 1920 δ’
190 1852 424 1944 Ppo.-Filius
442 1854 588 1942 procedit
600 1875 657 1942 per
670 1854 804 1921 modum
822 1854 1024 1922 intellectus.¹
1194 1937 1198 1940 ,

98 1955 100 1960 ’
135 1959 247 2027 mou·
262 1959 309 2026 it.
324 1960 358 2026 ln
375 1960 523 2048 pluribus
540 1961 713 2051 Scripturae
734 1961 891 2042 textibus,
915 1961 1012 2029 Filius
1032 1981 1085 2050 op-

102 2067 241 2153 pellotur
257 2066 391 2133 Verbum
414 2067 528 2148 Patris,
549 2088 646 2156 porro
663 2066 800 2134 uerbum
826 2081 874 2132 est
897 2067 1083 2137 immediato

101 2175 138 2242 ub
154 2173 338 2241 intellectu.
476 2227 481 2235 .

140 2279 248 2346 Prob.
268 2279 316 2346 2⁸.
334 2279 461 2347 Tradit.
479 2281 513 2348 S.
528 2281 685 2361 basilius,
709 2280 823 2347 homil.
839 2279 859 2346 6
883 2281 916 2346 in
941 2279 1022 2347 illud
1041 2281 1081 2348 Iu

93 2387 266 2472 principio
283 2397 359 2476 erut
381 2385 527 2468 Verbum,
556 2389 672 2476 quoerit
698 2388 763 2452 Cur
782 2387 943 2453 Verbum?
968 2397 1000 2452 et
1020 2407 1083 2453 res·

100 2491 244 2580 pendet:
278 2491 316 2556 m
333 2493 541 2577 perspicuum
567 2495 608 2558 eit
627 2491 825 2576 processisse
846 2511 886 2555 eu
903 2499 1019 2554 mente.
1046 2491 1080 2556 S.

101 2598 279 2685 Gregorius
304 2599 433 2665 Nuziun.
458 2610 540 2665 orat.
565 2597 629 2662 ὅδε
661 2595 920 2678 Verbumporro
950 2593 1081 2671 dicitur,

101 2706 181 2792 quia
196 2705 244 2770 itu
259 2723 293 2770 ee
302 2703 396 2771 babet
408 2706 455 2771 od
468 2704 621 2782 Putrem,
642 2711 677 2786 ut
693 2718 798 2767 sermo
814 2701 861 2764 ud
878 2708 1027 2763 mentem.
1046 2699 1080 2764 S.

102 2813 184 2896 bug.
202 2810 262 2875 lib.
281 2809 320 2876 ib
344 2811 385 2878 de
404 2811 495 2878 Trin.
518 2831 548 2876 o.
565 2807 627 2875 15:
650 2805 784 2873 Verbum
804 2817 917 2884 nutum
937 2814 1025 2898 est...
1044 2808 1084 2876 de
1128 2857 1133 2860 .

18 2943 19 2947 ¹
102 2917 215 2982 Putris
229 2915 375 2995 scientie,
388 2916 559 2983 destutris
576 2914 752 3002 sapientie.
763 2913 854 2982 Idem
868 2914 1083 2982 eommuniter

105 3023 223 3088 docent
234 3020 287 3087 olii
301 3021 358 3112 SS.
370 3023 479 3090 Patres
493 3023 549 3107 (i).

146 3129 183 3192 p
199 3127 279 3214 Ppo.
290 3115 510 3196 —Proeessio
525 3127 594 3194 Filii
616 3150 695 3218 veru¹
711 3137 759 3193 est
774 3127 953 3212 generatio.

148 3232 249 3300 Prub.
266 3235 313 3300 it.
327 3235 364 3300 In
380 3235 586 3323 processione
603 3235 672 3300 Filii
689 3234 806 3306 adsunt
820 3253 933 3299 omnus
950 3235 1083 3316 genora-

140 3494 174 3560 (Ι)
189 3495 245 3548 Vid.
259 3496 344 3550 dusius
358 3498 493 3562 Tournety,
510 3497 541 3547 de
555 3496 632 3546 Tm’n.
646 3508 672 3557 q.
688 3492 713 3555 b,
729 3498 779 3544 urt.
794 3494 821 3554 b,
836 3489 921 3542 sonet.
939 3487 1083 3550 1·‚suaror,

109 3585 176 3640 supr.
190 3575 234 3627 cit.
349 3627 352 3637 .
