2708 4122
586 387 786 456 -ssii-

192 539 262 602 nort
282 531 414 598 iniciis
426 539 557 617 portent
571 551 707 598 mecon
722 530 764 597 Ex
786 549 853 618 qno
869 543 1003 618 apparet
1025 529 1182 606 lotionem

197 641 318 729 perluor
332 631 404 706 esso
422 638 550 722 signant
576 635 804 723 symbolicum,
829 635 1050 716 arbitrarium,
1063 639 1182 724 practi-

197 767 272 814 cum
287 746 411 830 gratia,
422 745 541 810 indicat
561 743 647 809 onim
663 750 693 808 et
706 741 855 829 protlucit
866 741 1018 808 lotionem
1031 745 1185 830 spiritua-

197 852 277 932 lem,
301 854 370 919 sino
393 859 457 939 qua
482 852 581 916 ltomo
597 871 663 915 non
693 861 797 938 potest
812 847 935 914 itabere
953 863 1082 936 partem
1105 873 1180 918 oum

199 959 301 1037 lesu3
319 979 390 1026 esso
407 963 425 1023 a
442 957 570 1024 Christo
596 955 791 1033 institutum,
809 961 845 1020 ut
868 962 1048 1024 constater
1073 971 1181 1039 textu3

196 1065 381 1132 institutum
400 1075 638 1152 permanenter,
664 1061 773 1126 nullus
789 1061 878 1126 enim
894 1061 1078 1145 assignatur
1094 1063 1182 1130 insti·

196 1173 314 1239 lationi
333 1172 503 1236 terminos.
526 1171 624 1236 Porro
641 1167 852 1234 nillilornintls
876 1167 953 1232 lotio
970 1169 1089 1256 pedum
1109 1190 1172 1238 noa

198 1278 298 1346 habet
320 1278 522 1344 conditiones
548 1275 615 1340 reri
630 1274 833 1349 sacramenti,
855 1274 898 1354 ita
916 1287 1053 1342 testante
1074 1273 1174 1342 Eccle-

198 1385 258 1464 sia,
277 1405 352 1471 qun
373 1384 440 1450 sola
458 1395 563 1471 potest
589 1382 731 1466 legitime
756 1380 958 1468 interpretari
984 1381 1182 1470 scripturam

194 1511 335 1558 sacram.
354 1491 467 1577 Rejiolt
482 1490 569 1556 enim
583 1509 620 1555 ox
639 1508 776 1553 numero
793 1501 1069 1554 sacramentorum
1087 1484 1184 1555 lotio·

196 1595 419 1684 nompcdutn,
432 1593 498 1660 sive
514 1595 588 1682 quia
603 1593 683 1662 lotio
700 1593 820 1680 pedam
835 1613 899 1658 non
925 1607 973 1658 est
991 1593 1182 1681 productiva

198 1702 310 1786 gratita
327 1723 384 1788 pcr
400 1721 447 1779 se,
465 1721 523 1766 seu
540 1719 579 1766 cx
596 1719 693 1785 opero
706 1711 851 1786 operato,
875 1697 942 1764 siva
958 1699 1033 1784 quia
1051 1700 1104 1765 illa
1120 1721 1183 1771 oae·

197 1809 345 1876 semonia
365 1829 429 1874 non
447 1807 534 1872 iolt'a
553 1805 680 1871 Christo
695 1819 856 1892 praecepta
873 1805 971 1872 modo
990 1821 1161 1893 perpetuo.

218 1955 222 1962 ·
244 1913 345 1980 Pnob.
363 1915 412 1978 pa,
430 1913 567 1996 Arpnm.
583 1912 854 1993 praescriptionis.
873 1911 1033 1998 Tempore
1051 1912 1182 1980 Luthcri

198 2029 232 2088 et
243 2018 375 2094 natator,
390 2018 506 2097 tlogma
521 2012 716 2082 catholicum
735 2015 775 2082 tle
792 2019 975 2103 septenario
992 2037 1179 2086 sacramen·

197 2132 306 2188 toturn
319 2141 457 2185 nurnero
479 2119 709 2186 admittebatur
724 2119 765 2187 ab
782 2123 923 2189 Ecclesia
936 2124 1137 2192 Occidentali
1148 2139 1180 2192 et

199 2225 368 2296 Orientali.
387 2226 568 2314 Atetnpore
585 2227 716 2292 Lutheri
730 2228 946 2299 ad'Christurn
963 2231 1050 2298 istud
1062 2233 1175 2318 dogma

196 2351 259 2400 nec
274 2332 335 2398 tuit
345 2332 526 2412 inventurn,
540 2333 839 2401 necadultcratum.
852 2337 934 2422 Ergo
951 2337 1011 2404 tuit
1024 2343 1042 2403 a
1054 2339 1181 2406 Christo

197 2441 388 2519 revelatum,
404 2461 481 2526 crgo
494 2440 730 2508 admittendum
747 2456 795 2510 est
811 2449 846 2507 nt
861 2444 977 2510 veritos
988 2446 1111 2511 divina.

202 2583 211 2592 ·
244 2550 303 2615 Pr.
320 2550 465 2614 anteced.
486 2570 523 2634 p.
546 2569 584 2633 p.
612 2547 659 2613 lt.
673 2547 976 2635 TemporeLuthcri
993 2560 1024 2616 et
1042 2551 1179 2632 Calvini,

197 2653 316 2740 dogma
333 2654 374 2719 de
391 2649 572 2740 septenario
589 2666 864 2720 sacramentorum
883 2673 1021 2720 numero
1037 2656 1184 2722 admitte·

198 2759 295 2834 hatur
315 2760 355 2824 ab
373 2759 512 2825 Ecclesia
523 2758 722 2824 Occidentali
740 2772 770 2824 et
789 2758 1007 2826 Orientali.--
1017 2761 1064 2826 Ab
1086 2761 1183 2830 O'cci·

197 2867 335 2932 ‹lentaliz
353 2868 504 2932 Fateatur
521 2866 708 2932 adversarii.
728 2865 834 2934 ——nb
850 2867 1006 2939 Orientali
1025 2888 1033 2934 ε
1051 2857 1183 2938 Constat

201 2972 235 3038 l.
255 2992 294 3040 en
311 2977 446 3040 censura
457 2979 522 3059 qua
537 2971 693 3038 ieremias
710 2973 892 3040 Patrinreha
910 2963 1183 3064 Constantinopo-

197 3077 331 3158 litanus,
348 3079 548 3166 approbante
563 3083 630 3144 tota
642 3079 779 3144 Ecclesia
792 3079 959 3160 Orientali,
972 3099 1057 3147 anno
1077 3082 1179 3164 toto,

198 3183 435 3252 contessionem
452 3185 670 3270 augustanam
686 3185 880 3272 improbavit
893 3201 924 3252 et
939 3188 971 3253 in
989 3195 1053 3274 qna
1070 3187 1182 3270 ‹leola-

198 3288 298 3354 ravit:
316 3286 485 3356 Siontsnnt
497 3301 617 3376 septem
630 3292 718 3355 εἰοηα
733 3290 875 3374 Spirittls
890 3291 1014 3373 Sancti,
1037 3291 1085 3358 ini
1105 3315 1181 3386 sep-

191 3407 260 3462 tcrn
275 3415 342 3461 esse
357 3407 562 3464 sacramento
573 3397 735 3482 qnolrcolr
746 3399 934 3465 orthodoxis
947 3403 1179 3468 adrnitttrnttrr.

197 3503 235 3574 λ’
255 3503 455 3570 ExOonollio
475 3503 841 3592 Constantinopolitano,
859 3526 946 3572 anno
965 3507 1064 3587 1659,
1089 3508 1179 3595 quotl

191 3609 309 3670 'contra
336 3607 488 3692 Cyrilltrrn
515 3609 617 3674 Lnoar
645 3611 783 3676 errores
799 3611 1179 3680 Psetrtloroiormatorurn

195 3705 421 3774 *admittentem
432 3703 575 3777 declarat
590 3714 767 3782 anathemo
784 3716 910 3802 Cpr-itte
921 3715 1182 3804 noonvdo'pnotc
