2622 4154
500 429 502 432 ,
616 349 769 416 -r-

239 485 307 556 Pro
326 485 459 553 diversis
488 485 689 571 respectibus
715 483 776 551 sub
802 484 922 571 quibus
941 485 1184 571 consideratur,

195 595 275 662 dinis
292 593 425 660 ultimus
448 589 589 659 hominis
607 591 735 657 definiri
755 599 860 678 potest
879 592 913 656 10
940 612 997 658 rus
1029 595 1076 658 od
1097 601 1191 680 quod

201 703 296 766 horno
308 701 424 765 sutrino
443 699 630 766 ordinatur.
649 735 693 746 -
705 697 767 762 Eos
783 697 825 764 ad
842 697 929 784 quod
943 695 1188 766 homoordina-

200 815 269 874 tur:
285 808 323 872 In
336 806 459 872 mundo
476 825 534 892 per
546 804 736 890 sapientiam
751 803 908 870 infinitam
921 803 1091 890 disposito,
1105 805 1187 872 infe·

203 915 290 982 riora
304 912 345 978 ad
364 911 532 999 superiora
549 909 757 988 ordinantur,
778 921 809 975 et
829 909 913 974 entia
937 911 1104 997 superiora
1121 913 1185 978 sub

204 1020 259 1087 illo
283 1030 432 1106 respectu
457 1016 658 1082 considerata
692 1016 844 1082 dicuntur
868 1016 944 1103 finis
976 1015 1182 1104 inferiorum.

198 1127 256 1212 jiio
274 1135 430 1192 creaturae
443 1123 610 1189 inferiores
632 1123 672 1188 ad
683 1123 823 1188 hominis
840 1121 963 1188 bonum
977 1121 1182 1204 ordinantur,

205 1243 238 1298 et
253 1231 352 1297 homo
370 1229 487 1296 dieitur
500 1230 589 1317 finis,
609 1228 722 1296 saltem
739 1229 912 1307 mediatus,
938 1228 1121 1296 creationis.
1141 1244 1186 1280 —-'

206 1340 383 1408 Ordinatur
398 1337 533 1403 ultimo:
552 1337 615 1403 Ens
632 1336 718 1403 enim
734 1335 876 1402 ordinari
893 1341 997 1423 potest
1017 1337 1056 1402 ad
1073 1337 1185 1425 plures

204 1447 299 1526 fines,
319 1446 361 1510 ita
388 1444 472 1511 inter
487 1465 522 1510 se
539 1444 726 1532 dispositos,
744 1455 780 1508 ut
807 1441 967 1528 gradatim
993 1443 1125 1509 tendant
1142 1447 1184 1510 ad

203 1553 302 1620 finem
324 1561 519 1629 extremum;
538 1549 868 1636 ultimus'appellatur
878 1548 951 1614 finis
965 1548 1005 1613 ad
1019 1569 1114 1634 quem
1128 1569 1180 1613 or-

205 1660 358 1728 dinantur
372 1655 455 1724 fines
473 1656 674 1722 intermedii.

249 1763 336 1830 Finis
346 1758 477 1824 ultimus
489 1758 616 1824 definiri
627 1765 731 1846 potest
740 1759 777 1824 2⁰
790 1760 908 1826 bonum
924 1763 1015 1844 eujus
1021 1761 1182 1845 possessio

169 1925 170 1928 ,
206 1865 330 1932 domini
339 1865 542 1948 consertarum
554 1865 763 1948 perfeetionis
776 1875 805 1929 et
821 1865 1028 1932 beatitudiuis
1041 1867 1184 1950 eructum

207 1972 298 2054 euius
312 1977 359 2034 est
374 1989 494 2054 rupae.
522 2049 525 2054 Ι
1176 1989 1180 1999 ’

251 2075 382 2159 Quibus
399 2077 532 2164 positis,
811 2148 813 2152 .

211 2207 212 2210 ¹
252 2184 298 2252 Ad
317 2184 371 2249 1010
393 2197 514 2271 quaest..
534 2191 631 2272 part,
657 2185 796 2254 scilieet:
823 2187 934 2252 Utrum
956 2187 1049 2252 domo
1067 2185 1186 2278 lrabeat

205 2292 490 2380 finomultr'mum?

252 2387 350 2483 Hesp.
370 2397 474 2462 Homo
497 2397 596 2467 habet
612 2399 710 2463 smem
729 2397 894 2464 ultimum.
912 2400 1011 2466 Serus
1031 2399 1067 2464 10
1085 2400 1186 2467 homo

209 2510 293 2570 esset
309 2502 449 2581 inutilis3
464 2502 578 2570 inutile
595 2503 680 2568 enim
699 2504 762 2568 diei
777 2503 874 2570 debet
891 2525 947 2570 ens
961 2507 1049 2591 quud
1062 2506 1186 2576 nullam

209 2609 308 2675 habet
323 2608 584 2675 destinationem.
597 2609 695 2676 Seods
713 2609 750 2674 10
761 2631 874 2676 omnes
887 2611 1027 2677 hominis
1042 2614 1187 2679 actiones
1268 2619 1270 2624 '

210 2723 318 2783 essent
331 2715 496 2782 moraliter
512 2715 750 2796 indifferentes;
769 2717 1074 2804 siquidemaotionis
1091 2719 1187 2784 buni-

209 2837 256 2891 tas
285 2825 386 2890 oritur
415 2845 452 2889 ex
477 2824 829 2910 ejusooordinatione,
857 2835 888 2888 et
908 2822 1027 2890 malitia
1055 2823 1186 2910 exejus
1287 2811 1288 2858 t

209 2929 411 3016 oppositione
433 2949 506 2994 eum
529 2929 608 2994 fine.
690 2987 691 2990 ,

248 3030 356 3100 Habet
371 3031 471 3096 finem
487 3031 640 3104 ultimum
656 3032 818 3122 induplioi
832 3055 928 3102 sensu
946 3035 1095 3114 definito,
1111 3055 1170 3102 seu
1287 3059 1288 3118 3

257 3136 293 3201 10
306 3137 410 3202 Homo
434 3138 602 3221 ordinatur
619 3139 659 3205 ad
674 3159 730 3206 ens
748 3142 916 3229 superius:
937 3139 1008 3229 haee
1035 3152 1082 3206 est
1099 3141 1186 3206 enim
1287 3161 1288 3168 ¹

209 3243 261 3312 lex
270 3246 436 3333 sapientiae
449 3245 576 3328 divinae,
591 3266 664 3335 quae
674 3248 839 3314 hominem
851 3247 979 3326 creavit,
992 3243 1186 3312 utinieriora
1287 3269 1288 3330 ss

211 3351 253 3418 od
263 3353 431 3442 superiora
448 3353 650 3435 ordinentur,
669 3368 704 3422 ut
720 3363 807 3444 patet
823 3375 860 3421 ex
876 3353 1086 3438 relationibus
1103 3350 1188 3416 e'xis-
1287 3339 1288 3416 i

210 3459 353 3527 tentibus
365 3459 449 3528 inter
463 3455 572 3528 'omnia
589 3461 673 3528 entia
685 3475 802 3530 ereata.
907 3475 910 3483 '

255 3562 292 3630 10
310 3569 604 3650 Homadestinatur
620 3569 661 3635 ad
683 3551 921 3657 possessionem
938 3565 1015 3634 boni
1032 3563 1190 3653 perquod

211 3670 396 3758 perficiatur
422 3687 452 3742 et
474 3674 695 3753 beatificetur3
715 3713 760 3722 -
780 3693 838 3762 per
863 3674 952 3762 quod
979 3669 1187 3762 perficiatur:
1285 3665 1286 3670 ’
