2622 4154
600 306 782 372 ...26-

213 463 273 529 est,
297 467 391 516 mens
414 439 560 514 adhaeret
586 438 711 514 ueritati
739 430 864 532 absque
881 443 946 512 ulla
974 441 1200 516 dubitatione:

211 553 363 642 supedus
389 552 485 620 etiarn
512 551 653 620 diximus
670 565 778 619 aetam
800 573 864 618 non
883 571 954 618 esse
971 564 1081 620 actam
1104 557 1199 634 fidei,

212 661 271 728 eetl
287 678 415 728 merum
443 656 593 739 dubium,
623 679 750 724 meram
776 657 976 745 opinionem,
999 659 1026 724 si
1044 663 1200 745 quaedam

213 767 343 834 adesset
358 764 476 832 mentis
491 763 664 831 hesitatiot

257 873 316 938 lll.
332 871 400 938 Sub
414 871 706 958 respectumott'uia
716 871 748 937 Si
763 870 1007 958 perpendantur
1019 876 1111 938 aatds
1122 871 1200 942 litlei

212 977 415 1050 conditiones
432 977 564 1066 praeviae
575 989 608 1044 et
620 978 779 1046 elementa
797 978 983 1055 intrinseca,
998 978 1058 1043 tria
1072 981 1200 1048 motivis

214 1083 376 1163 nituntur,
391 1082 534 1150 sciliceta
554 1083 585 1149 l.
606 1083 804 1171 praeatabula
816 1095 951 1162 remota,
969 1081 1029 1150 seu
1041 1087 1201 1153 convictio

214 1189 257 1254 do
270 1188 458 1256 notionibus
469 1189 597 1276 praeviis
613 1209 707 1275 quas,
726 1209 763 1254 ex
782 1188 1055 1276 dictis,-supponit
1071 1193 1204 1260 convie-

213 1294 259 1360 tio
277 1294 318 1360 de
338 1293 566 1362 infallibilitate
584 1293 751 1372 Ecclesiae;
776 1293 810 1359 ἓ.
829 1294 1070 1382 praeambulum
1087 1299 1201 1384 proxi·

214 1419 320 1480 mum,
334 1421 394 1468 sen
404 1400 547 1468 adhaesio
563 1393 775 1490 propositioni
791 1417 850 1487 per
864 1401 1037 1467 Ecclesiam
1050 1402 1141 1472 laete
1157 1406 1202 1470 de

214 1507 349 1573 veritate
373 1511 527 1596 unquam
553 1507 711 1584 revelatam
730 1505 763 1570 5»
790 1519 881 1572 aetus
898 1506 966 1594 ipse
991 1507 1077 1584 fidet,
1094 1509 1125 1572 id
1148 1525 1198 1573 est

214 1633 368 1680 assensus
395 1613 513 1680 mentis
536 1613 605 1677 ttim
627 1611 757 1698 ipsimet
781 1609 865 1678 facto
889 1611 1101 1694 revelationis,
1123 1617 1196 1678 turn

215 1717 343 1786 veritati
360 1719 522 1784 revelatae.
540 1715 654 1791 Porro,

190 1897 191 1902 ἵ
261 1823 299 1888 l⁰
311 1821 512 1890 Praeanrbula
526 1828 649 1885 remota
663 1820 808 1887 nituntur
819 1823 1018 1909 argtrurentis
1028 1844 1065 1889 ex
1075 1824 1202 1890 ratione

217 1927 329 2016 petitis
346 1938 378 1991 et
393 1923 629 2016 sufficientibus
642 1938 677 1991 ut
689 1925 861 1994 inducatur
877 1948 969 1994 mens
982 1930 1022 1994 ad
1040 1921 1203 1996 alllrman·

221 2033 298 2100 dam
315 2029 439 2118 absque
455 2029 584 2098 errandi
608 2029 782 2098 formidine
804 2030 994 2100 relationem
1016 2035 1099 2102 inter
1110 2035 1204 2123 judi-

222 2139 309 2206 cium
323 2149 355 2203 e't
364 2135 542 2224 objectum.
553 2135 616 2202 Ista
629 2137 829 2224 praeanrbula
839 2150 913 2205 sunt
922 2140 1058 2226 proinde
1070 2141 1100 2206 l.
1113 2153 1204 2210 certa

219 2243 385 2327 objectiod,
403 2243 437 2309 l.
456 2255 556 2322 certa,
570 2243 760 2308 certitudine
773 2244 929 2322 hamund,
951 2265 1026 2311 nam
1042 2239 1204 2314 certitudo

222 2367 322 2436 quum
340 2349 423 2438 parit
449 2350 605 2415 motivum
623 2349 768 2434 ejusdem
793 2342 916 2414 naturae
934 2363 981 2414 est
997 2343 1101 2438 quant
1110 2339 1203 2422 ¹istud

222 2455 392 2522 motivum.
426 2442 429 2448 ’
562 2439 565 2444 ’

267 2563 305 2630 2⁰
322 2562 561 2635 Prreambulum
580 2563 763 2655 proximum
780 2560 892 2625 nititur
907 2561 1087 2628 'auctoritati
1102 2567 1205 2634 Eccle·

222 2668 278 2736 siae
294 2666 503 2756 proponentis
516 2665 680 2734 veritatem
697 2667 850 2750 tanqu'arn
863 2661 1049 2730 revelatam.
1066 2668 1205 2734 Proinde

221 2772 462 2862 praeambulum
477 2773 562 2840 istud
586 2780 653 2839 est:
678 2773 709 2836 l.
728 2781 861 2849 eertum,
877 2774 958 2836 cirm‘
970 2771 1107 2838 Ecclesia
1124 2793 1205 2856 gau·
1294 2765 1295 2778 ¹

224 2881 302 2947 dent
326 2865 493 2967 priuilegio
526 2877 761 2964 infallibilitatis
784 2877 816 2942 in
840 2877 984 2944 doctrina
1007 2889 1038 2941 et
1061 2874 1205 2941 indelee-
1294 2879 1295 2968 ζ

223 2985 370 3058 tibilitate'
393 2986 426 3050 in
444 2984 530 3061 sadc3
556 2984 589 3048 l.
609 2991 746 3060 eertum,
765 2984 960 3049 certitudine
974 2979 1201 3060 eccusioatiod,
1294 3063 1295 3074 ἵ

224 3096 299 3156 eiam
316 3107 407 3156 rnens
424 3089 588 3156 adhaereat
603 3088 815 3178 propositioni
835 3081 969 3176 propter
981 3077 1205 3153 auctoritatem

225 3193 389 3262 Ecclesiae.
420 3193 423 3200 ’
662 3268 665 3272 ,
1046 3195 1048 3199 ’

270 3295 305 3363 5⁰
325 3297 396 3386 lpse
412 3303 503 3364 aetus
519 3297 595 3365 fidei
613 3297 645 3363 in
664 3319 698 3365 se
715 3308 876 3384 spectatus
893 3297 1004 3362 nititur
1021 3291 1204 3364 testimonio

224 3404 345 3472 divino.
364 3404 504 3472 Proinde
520 3413 609 3472 actus
625 3401 938 3480 tructesindum,
958 3407 1032 3468 ciam
1044 3403 1204 3490 Derrs‘nec

223 3503 1205 3603 tattineeta'ltereposstaacanus,rerttttrutaectotndeum

226 3620 384 3688 motivum
395 3625 547 3688 assensus
563 3620 603 3686 sit
621 3617 841 3686 testimonium
854 3617 918 3684 oet
932 3625 1059 3683 sumine
1069 3615 1202 3683 veracis.
