2640 4150
546 247 590 260 --
617 207 681 278 tro
710 207 757 297 -;

155 346 682 437 cognitamquatenbsordinatam
698 347 865 432 ansgrutiae
882 362 913 416 et
933 348 1045 436 glorie
1060 371 1137 418 eon-
1232 403 1236 410 .

157 453 609 530 summationemtlliundeeei
620 453 801 538 cognitione
813 454 953 522 Adamas
964 454 1139 544 fiebatper-
1240 499 1243 504 ·

157 563 273 636 lectior
288 573 320 628 et
340 560 485 628 Christus
498 558 708 637 honoratior;
727 578 806 644 ergo
827 561 1080 646 congruissima,
1103 583 1140 628 ac

156 665 295 756 proinde
310 663 568 753 probabilissima
579 663 736 756 est-hujus
749 664 891 732 scientiae
904 666 1085 732 concessio.
1135 729 1140 736 .

206 771 244 838 5⁰
263 771 419 857 Cognovit
427 770 599 854 relationes
616 789 777 838 suascnm
793 772 929 856 angelis,
943 793 983 840 ae
1003 770 1141 860 proinde

160 876 536 966 ipsornmeristentiam,
549 875 725 944 multorum
738 878 1010 962 perseverantiam
1022 890 1055 946 et
1068 878 1144 946 alio·
1222 923 1225 935 ·

161 1000 238 1051 rum
254 981 395 1069 lapsum.
413 981 614 1065 Cognovit...
632 979 824 1072 relationes:
846 995 879 1046 ut
891 983 992 1070 possit
1007 987 1024 1050 a
1042 985 1144 1050 malo·

161 1106 236 1172 rum
266 1083 639 1157 tentationibusrcavere
664 1092 697 1150 et
724 1085 886 1152 bonorum
920 1087 1047 1154 auxiliis
1077 1089 1141 1180 etia
1183 1170 1185 1178 .

162 1191 301 1282 proinde
313 1189 527 1272 existentiam,
541 1191 810 1279 perseverantium
822 1203 855 1258 et
870 1192 1010 1280 lapsum,
1030 1207 1064 1262 ut
1075 1196 1143 1274 eri·
1215 1241 1218 1250 .

163 1299 315 1368 deusest.
389 1331 391 1334 ·
732 1317 735 1320 ·
909 1367 912 1372 ,

207 1405 251 1470 ll.
277 1403 419 1472 Medium
442 1401 732 1490 aeqntstttonts—
750 1403 872 1487 Quibus
897 1405 1011 1471 mediis
1032 1407 1144 1492 sopot-

163 1511 265 1578 tioaea
276 1509 543 1595 supernaturales
555 1507 765 1594 acquisiverit·
778 1509 912 1576 Adam?

207 1617 305 1702 Resp.
325 1615 534 1704 Quadruplex
551 1614 689 1710 supponi
714 1627 820 1703 potest
844 1614 989 1683 medium
1014 1615 1152 1702 acquisi-

162 1722 280 1792 tionis:
298 1721 378 1789 visio
391 1720 546 1799 intuitus,
563 1719 694 1790 scientia
719 1721 953 1802 missatatio,
975 1721 1141 1808 revelatio.

161 1831 308 1898 -l’orro
325 1825 525 1912 cognitiones
535 1828 796 1914 supernaturales
808 1829 976 1915 acquisivit
986 1829 1100 1907 Adam,

195 1935 332 2004 ‚1⁰Non
348 1933 471 2014 risione
487 1933 633 2004 iutuitira
644 1932 802 2000 habituali
818 1950 877 2002 aut
892 1935 1074 2002 tramitoria
1084 1957 1146 2010 :--·¹

161 2041 232 2109 Non
258 2037 435 2106 habituali:
461 2059 535 2104 uam
564 2038 746 2108 err-risione
767 2041 912 2117 intuitira
931 2043 1035 2108 oritur
1054 2063 1146 2110 amor

161 2143 332 2214 beatificus
342 2141 515 2212 habitualis
529 2164 539 2224 ;
556 2163 597 2215 ex
615 2163 727 2216 amore
741 2152 819 2212 vero
836 2145 984 2217 beatifico
996 2146 1145 2234 sequitur

161 2248 425 2340 impossibilitas,
444 2253 520 2338 cum
540 2249 859 2340 incompossibilesit
879 2265 1051 2340 peecatum
1069 2272 1145 2320 eum
1209 2307 1213 2316 ,

162 2378 276 2425 amore
291 2355 491 2430 Deisummo
505 2357 760 2444 appretiativeet
775 2358 944 2425 intensive.
958 2357 1145 2424 Porrobda-

164 2483 259 2531 mum
279 2483 344 2532 non
372 2461 471 2529 luisse
490 2461 735 2548 impeccabilem
762 2461 845 2527 facto
866 2471 1004 2528 constat.
1022 2461 1147 2528 -Nou

163 2568 363 2656 transitoria:
381 2564 558 2656 propositio
574 2564 633 2629 ista
647 2565 862 2631 communiter
875 2569 893 2629 b
905 2563 1064 2647 theologis
1074 2585 1148 2630 eon·

164 2673 306 2744 eluditur
323 2672 434 2741 exhor
449 2681 537 2737 textu
558 2668 675 2736 ltin.
687 2667 721 2751 6,
743 2667 807 2734 lb:
829 2669 893 2750 Qui
910 2667 1066 2748 (Deest...
1093 2671 1143 2734 lu·
1232 2657 1233 2662 ’

163 2799 232 2848 cem
248 2778 409 2848 ittltobitut
436 2775 716 2844 inaccessibilem:v
733 2793 827 2861 quem
848 2775 956 2841 nullate
980 2773 1147 2842 laominttm

163 2887 260 2966 cidit,
280 2887 338 2951 aed
352 2883 531 2970 reccidere
543 2893 694 2968 potest...

176 3019 180 3024 ·
199 2993 248 3058 '2⁰
264 2992 334 3058 Nun
352 2976 485 3058 seientia
501 2989 629 3056 infusa:
648 2989 771 3056 Etenim
786 2988 888 3056 Adam
904 2987 1001 3056 fidem
1020 2987 1145 3058 babuit.

163 3098 265 3166 Porro
282 3094 555 3184 incompassibilis
568 3104 615 3165 est
639 3096 769 3164 seientia
794 3097 900 3164 inlusa
918 3118 991 3164 cum
1010 3095 1074 3164 title
1085 3121 1094 3177 3
1110 3097 1148 3168 st·

163 3189 222 3272 des
239 3205 361 3292 quippe
378 3202 531 3290 supponit
547 3205 721 3288 quamdam
740 3201 971 3269 obscuritatem
988 3205 1020 3267 in
1038 3204 1160 3284 verita

163 3309 251 3378 tibus
264 3309 449 3387 credendis,
464 3308 612 3376 veritates
628 3321 737 3379 autam
754 3308 891 3396 cognitae
907 3329 964 3393 per
981 3309 1148 3374 seientiam

163 3415 305 3484 infusam
322 3421 399 3486 sunt
415 3413 510 3481 clarae
528 3413 770 3482 et,evidantes.·
1089 3411 1091 3416 ’

206 3519 246 3586 50
263 3520 333 3588 Non
350 3519 499 3586 ratione:
518 3517 598 3584 Nam
608 3515 756 3583 veritates
772 3513 1034 3602 supernaturales
1051 3537 1154 3608 snpe-¹

992 3620 1013 3685 9
