2710 4116
559 219 762 284 -mt-

172 339 309 408 chorum
329 345 644 414 antedilurianorum
680 353 937 437 continuatores‘,
969 379 1159 436 conservent

172 461 272 534 atque
305 451 520 530 transmittant
548 453 737 538 religionem
763 460 1159 560 primitivam3simulque

172 554 343 641 recipiant,
363 571 554 623 conservent
570 573 602 624 et
622 563 842 630 ‘transmittant
865 571 1013 639 veritates
1036 581 1158 664 quibus

172 668 377 754 progressive¹
391 665 580 754 religionem
602 674 794 760 primitivam
815 679 1002 754 evolutores
1019 706 1098 772 erat,
1116 697 1157 762 ad

171 773 322 859 homines
359 774 578 862 disponendos
606 781 645 844 ad
674 787 920 869 reparationem.
955 795 1158 869 providentie

171 881 304 968 speciali
316 881 423 968 dirigit
435 885 608 966 Abraham,
629 890 714 956 lsaae
727 899 758 958 et
772 894 884 966 Jacob.
897 904 986 970 ——ln
999 911 1159 996 populum

170 989 346 1075 specialem
363 990 452 1074 eligit
465 992 526 1058 sihi
540 1007 835 1083 cerumpesteros,
855 1005 941 1092 leges
963 1013 1108 1098 politicas
1124 1033 1158 1086 et

138 1163 146 1180 ⁶
171 1097 417 1162 eaeremeniales
435 1098 512 1184 ipsis
533 1099 690 1188 imponit;
711 1117 757 1185 ot,
778 1109 818 1174 ab
836 1111 906 1178 aliis
922 1119 1155 1216 pepulisscpass

171 1201 246 1278 rati,
266 1222 379 1267 eornm
395 1225 521 1271 errores
540 1209 652 1274 etritia
671 1211 833 1280 dillieilihs
850 1222 1087 1310 participantes,
1103 1253 1155 1328 re·

171 1307 328 1390 ligienem
355 1311 547 1395 primitivam
577 1316 854 1410 rerelationesque
874 1330 1030 1414 speciales
1055 1340 1173 1407 tutius
1243 1328 1246 1331 ”

172 1415 392 1482 transmittere
410 1419 545 1504 possint.
560 1491 578 1518 .‚
820 1509 823 1523 .

216 1519 255 1584 5⁰
272 1521 332 1586 Per
343 1521 518 1604 Abraham,
536 1527 626 1599 Isaac
643 1544 674 1596 et
685 1531 786 1602 Jacob
800 1551 896 1626 atque
913 1541 1088 1634 Prophetas
1101 1573 1152 1620 se-

128 1687 130 1691 .
171 1641 309 1716 quentes
322 1650 426 1721 usque
437 1635 477 1700 ad
489 1635 688 1722 hlalaclriam,
705 1647 824 1732 populo
837 1651 1014 1724 Israelitiee
1028 1670 1153 1732 sueces-

170 1737 237 1803 sire
264 1737 384 1803 revelat
407 1741 779 1834 stesstcetsarecteres,
808 1758 929 1842 quihus
958 1764 1153 1853 reparatoris

169 1863 309 1930 persona
335 1847 427 1930 quasi
460 1849 675 1920 minutissime
703 1843 940 1947 ‹leli-nearctur'3
967 1873 1149 1949 utineam

169 1955 263 2016 mens
277 1940 468 2018 Jndaeorurn
486 1963 642 2050 perpetuo
655 1965 908 2052 connecteretur,
924 1975 1088 2068 simulque
1098 1987 1153 2052 ad-

166 2057 302 2124 veniens
318 2057 484 2126 liberator
499 2061 592 2130 facile
608 2081 639 2133 et
655 2079 743 2137 certe
760 2073 800 2139 ab
817 2076 1006 2153 hominibus
1018 2099 1152 2176 eognos-

165 2169 307 2230 ceretur.
324 2168 370 2216 -'·
385 2167 523 2254 losuper
539 2173 635 2239 vitam
652 2189 684 2240 et
699 2177 880 2250 functiones
893 2185 1027 2273 Messias,
1045 2187 1150 2269 ‘lisele‘-

171 2266 251 2332 siam
267 2267 403 2358 ejusque
421 2272 689 2346 loturoseventus
702 2285 917 2359 adumbratio
936 2297 997 2362 rite
1013 2302 1150 2374 Patriae·-

175 2371 321 2457 eharum,
341 2378 377 2445 in
390 2383 559 2450 eventibus
576 2387 928 2476 [repullescentem
949 2409 1151 2479 ceremoniis

171 2478 344 2565 legalibus.
679 2503 683 2507 ’

214 2586 254 2652 4⁰
268 2589 329 2658 Per
344 2593 473 2679 Moysen
504 2595 613 2684 papali
638 2599 806 2668 lsraeli'tiei'
827 2607 1061 2699 institutorem,
1088 2615 1150 2693 liet
1249 2647 1260 2680 z

167 2693 265 2760 hraeis
289 2695 426 2785 imponit
456 2699 543 2786 leges
567 2699 725 2794 praecepta
744 2711 892 2797 primitus
909 2717 1045 2790 revelata
1063 2721 1150 2798 evole

164 2809 276 2868 ventes
298 2825 335 2871 ao
347 2804 569 2893 perficientes,
585 2824 621 2886 ut
638 2816 788 2894 transitus
805 2823 821 2886 a
838 2821 909 2908 lege
925 2828 1083 2915 primitivo
1106 2841 1147 2910 ad

165 2907 400 2994 perlectionem
413 2912 620 2984 christianam
638 2920 761 2991 laeilior
777 2930 901 3002 evadat.
1136 3021 1138 3024 Ι

214 3013 251 3078 5⁰
269 3017 329 3082 Per
344 3019 701 3094 lsraettrastmmcuiote
713 3041 769 3098 eut
780 3039 919 3106 mediate
930 3045 1150 3123 notificataliis

166 3121 297 3208 populis
315 3127 500 3214 prophetias
524 3131 565 3198 de
582 3131 706 3217 tressis,
731 3141 986 3240 religionemque
1002 3157 1152 3229 llebraeo·

95 3273 100 3280 .
167 3245 259 3316 rum.
645 3259 648 3264 ·
710 3306 711 3311 ,
883 3315 886 3320 ,
963 3325 966 3334 Δ
1085 3331 1087 3336 ,
1137 3329 1139 3337 ,

212 3334 402 3406 Immediat'e
418 3365 425 3406 :
444 3341 515 3410 Deo
531 3348 618 3412 enim
637 3345 775 3436 jubente
800 3359 854 3423 o'ut
880 3361 1093 3450 disponente,
1117 3370 1153 3440 l-

166 3438 305 3509 hraham
324 3445 445 3525 habitat
461 3450 589 3519 interris
606 3455 853 3544 Chaldaeorum,
870 3465 1149 3560 Chananatornrn,

163 3537 404 3637 AEg'yptier'um.
417 3595 459 3607 -·
472 3559 593 3650 loseph
613 3551 706 3632 terras
723 3559 941 3661 AEgyplioirim
962 3581 1098 3666 pransu
1119 3590 1150 3654 in

977 3685 1016 3748 15
1055 3687 1060 3698 '

1246 3815 1348 3962 Η
