2640 4150
511 210 559 234 -u
582 177 645 248 157
667 217 712 230 -

127 311 423 406 »idamaeam
444 326 582 406 partem,
639 397 643 402 .

164 427 268 510 hosp.
282 425 434 508 Quidam,
446 425 529 492 inter
540 447 622 513 quos
632 427 801 514 Origenes,
816 427 1011 497 arbitrantur
1024 430 1107 501 dicta

127 531 170 597 de
184 531 337 597 Paradiso
349 531 555 617 intelligenda
573 555 643 600 esse
664 534 811 602 insensu
828 535 1062 622 metaphorica.

171 637 266 701 Juxta
283 644 391 702 autem
405 638 597 714 sententiam
610 639 801 706 catholicam
817 641 1023 726 intelligenda
1034 655 1110 720 sunt

124 741 271 807 insensu
288 741 429 810 litterati.
707 804 713 812 .
1051 823 1053 828 ,
1077 829 1080 838 Δ

125 921 130 932 μ
173 845 274 912 Proh.
294 847 340 915 1⁸.
363 848 535 934 Seriphi.
555 849 760 917 Paradisnsa
786 852 892 940 Moyse
916 835 1110 938 describitur

122 957 278 1039 tanquam
301 953 392 1042 locus
428 953 634 1036 habitationis
663 959 921 1044 protoparentis,
951 959 1008 1045 qui
1036 957 1109 1026 luco

122 1079 280 1145 corporeo
297 1059 474 1144 indigebat.
493 1061 527 1126 2.
543 1061 585 1126 Ex
603 1061 731 1141 Genesi,
744 1063 915 1130 Paradisus
932 1064 1107 1136 eraticcus

120 1164 258 1230 flumine
284 1164 448 1248 irrigatus,
482 1165 516 1232 in
546 1173 687 1252 quatuor
703 1181 810 1253 partes
838 1153 972 1247 divisus,
992 1171 1107 1257 inquo

8 1329 10 1350 ,
121 1271 213 1345 Deus
240 1291 278 1336 ex
309 1271 410 1339 humo
433 1272 629 1359 produxerat
654 1293 752 1338 omne
782 1272 915 1358 iignum¹
932 1275 1107 1361 pulchrum

121 1377 193 1462 risu
215 1389 248 1442 et
271 1377 313 1442 ad
337 1379 532 1444 vescendum
555 1399 675 1457 suave;
700 1378 733 1446 in
763 1398 830 1464 quc
855 1379 954 1443 homo
981 1379 1107 1466 positus

8 1475 9 1508 ³
122 1481 237 1560 tuerat,
258 1494 294 1548 ut
306 1502 380 1549 curn
398 1484 584 1580 custodiret,
597 1483 737 1563 coteret;
757 1491 854 1570 aquo
870 1491 981 1571 postea
998 1497 1108 1575 prote.-

123 1597 275 1676 parentes
297 1589 422 1676 expulsi
446 1600 522 1659 sunt
538 1596 710 1678 postquam
727 1591 802 1670 Eva,
817 1598 927 1656 contra
955 1590 1110 1680 Dcipro-

120 1696 338 1776 hibitioncnr,
368 1697 512 1765 fructum
539 1683 665 1765 arboris
699 1699 841 1766 scientiae
870 1699 1003 1766 boniet
1030 1697 1108 1768 maii

120 1803 248 1880 viderit,
267 1808 422 1888 tanquam
441 1802 614 1889 pulchrum
631 1813 662 1868 et
678 1803 870 1872 delectabile
889 1804 1102 1892 concupierit,

119 1908 310 1988 comederit,
324 1921 356 1973 et
369 1908 437 1974 viro
454 1909 617 1975 edendum
629 1909 772 1989 dederit3
787 1915 806 1976 a
822 1908 924 1998 cujus
943 1910 1104 1997 ingressu,

119 2026 192 2102 post
210 2015 359 2102 lapsum,
378 2014 635 2102 prohibebantur
656 2016 804 2082 homines
821 2037 879 2103 per
897 2016 1100 2104 Cherubim,

121 2131 188 2185 εῑοι
206 2119 334 2202 Quibus
362 2119 491 2206 positis,
515 2120 736 2208 interpretatio
762 2121 982 2209 metaphorica
995 2121 1104 2194 ,textui

119 2225 306 2292 violentiam
328 2225 444 2305 inicrt3
460 2247 538 2312 crgo
554 2227 699 2296 litteralis
713 2227 780 2296 sola
794 2227 933 2302 tenenda
953 2239 1013 2296 est.

169 2331 270 2397 Proh.
295 2331 345 2398 ΞΜ.
374 2331 408 2398 si
432 2333 531 2402 verba
557 2334 730 2421 Scripturae
758 2335 799 2400 dc
827 2334 978 2404 Paradiso
1006 2340 1108 2400 meta·

122 2440 255 2528 photiae
266 2442 504 2530 interpretanda
522 2456 641 2518 essent,
659 2442 798 2507 maximo
815 2442 890 2525 quia
908 2447 1107 2526 repugnaret

120 2545 237 2613 divinis
252 2531 414 2614 attributis
428 2545 569 2611 Paradisi
583 2544 753 2616 ¹terrestris
778 2542 970 2630 praeparatio
976 2564 988 2620 3
1008 2561 1105 2629 porro

118 2653 244 2720 ncdhm
260 2665 429 2741 repugnet,
450 2656 581 2718 econtra
605 2647 905 2716 convenientissima
920 2645 994 2722 iuit,
1010 2649 1106 2713 Para·

119 2759 211 2828 disus
227 2760 312 2826 enim
326 2759 491 2846 Scriptura
506 2757 699 2844 descriptus,
713 2768 782 2822 crat
792 2755 884 2820 locus
894 2754 1107 2824 vitaeconser·

118 2866 240 2932 vationi
257 2873 288 2931 et
297 2865 438 2932 felicitati
446 2865 616 2952 temporati
632 2863 774 2930 hominis
790 2861 989 2950 aptissimus.

117 3030 121 3034 .
166 2959 433 3040 hdhfflsciticet:
455 2973 576 3038 Utrum
593 2972 776 3052 Herodiano
799 2971 900 3057 suerit
921 2971 1010 3036 tactas
1032 2987 1106 3054 apc-

112 3074 244 3151 ciclis?

164 3183 264 3268 ceap.
282 3181 455 3252 Paradisus
469 3180 632 3250 iuitlocus
649 3183 808 3270 specialis.
827 3181 930 3250 ddum
943 3195 1029 3250 extra
1047 3179 1107 3248 Pa·

121 3287 418 3368 radisutncrcatus‚
438 3288 500 3353 iuit
514 3292 624 3376 postea
644 3287 676 3354 in
698 3286 889 3352 Paradisum
913 3285 1104 3362 translatus,

119 3400 194 3480 post
206 3395 376 3481 peccatum
389 3397 407 3460 a
421 3393 574 3462 Paradiso
593 3389 746 3480 expulsus
763 3402 795 3456 et
810 3389 851 3456 ah
869 3387 940 3476 ejus
957 3389 1105 3472 ingressu

120 3497 323 3584 prohibitus:
337 3498 408 3567 haec
424 3499 532 3569 omnia
540 3507 727 3586 supponunt
739 3494 929 3564 Paradisum
943 3491 1042 3572 tuisse
1059 3489 1104 3560 ic·

122 3623 198 3668 cum
216 3604 405 3692 speciatam.
