2732 4038
665 173 866 244 -aao-
1285 187 1300 272 „f

274 311 412 370 Probatur
425 311 577 370 tidamnon
599 329 662 372 esee
678 315 875 372 necessariam.
912 355 919 369 .
957 355 965 372 .
1089 353 1097 370 .
1129 356 1135 371 .
1179 311 1231 372 363

275 401 371 470 Quor.
382 399 517 456 teatrum
531 403 690 459 necessaria
718 404 754 457 sit
772 404 920 459 sanctitas?
956 444 962 459 .
999 444 1006 471 .
1046 439 1053 456 .
1091 441 1098 458 .
1134 444 1140 460 .
1187 403 1231 458 363

272 487 410 543 Probatur
423 503 485 544 cam
500 505 557 544 non
566 503 629 544 esse
639 489 824 546 necessariam
827 526 1140 546 ........
1170 487 1228 546 otu.

272 571 493 632 libertatibus
513 576 641 630 ministri
642 611 1143 630 ............
1174 575 1230 631 iiio.

272 661 372 732 Agitur
383 665 488 719 tantum
503 663 538 718 dc
552 663 661 719 formali
675 663 803 732 actionis,
814 677 864 718 seu
876 662 913 716 de
927 661 1080 718 intentione
1092 662 1144 718 mi·

345 749 425 805 nistri
427 785 1143 803 .................
1177 749 1233 805 iliri-

273 836 368 906 Qnoer.
382 836 412 891 1ο
425 839 518 891 utrum
531 836 688 906 requiratur
701 835 838 891 intentio?
873 871 1144 893 .......
1192 832 1234 892 iit

272 917 409 974 Probatur
422 919 459 974 ad
472 919 593 974 validam
616 923 853 974 sacramentorum
880 917 1147 976 administrationem

342 1006 371 1061 in
385 1007 511 1062 ministro
525 1005 629 1076 requiri
642 1009 670 1062 et
680 1007 809 1062 sufficere
831 1005 1016 1062 intentionem
1029 1008 1145 1064 nutandi

341 1095 420 1165 quorl
428 1094 493 1149 iacit
506 1094 632 1150 Ecclesia
644 1110 711 1150 vera
721 1109 903 1164 quaecumqne
924 1094 961 1150 sit
963 1130 1147 1148 .....
1177 1094 1234 1151 ilii.

273 1183 355 1240 Unde
365 1181 540 1238 deducuntur
554 1196 615 1251 seq.
626 1181 791 1236 corollarinz
812 1227 815 1232 .

271 1269 398 1327 Cernit
409 1269 470 1326 Non
478 1269 700 1324 sutilcrtrntentro
710 1283 830 1337 mimica
841 1269 893 1324 sed
904 1270 1055 1339 requiratur
1069 1272 1148 1327 seria
1180 1268 1236 1326 iiii

273 1357 369 1415 Corol-
384 1357 411 1412 P
426 1357 600 1413 Probabilibs
614 1357 782 1412 nonsutiicit
795 1357 911 1412 intentio
926 1361 1053 1428 externa,
1069 1359 1151 1416 etiam

344 1443 428 1510 seria,
443 1442 494 1497 sed
507 1442 658 1512 requiritur
671 1441 780 1496 interna
783 1477 1149 1499 .........
1181 1439 1237 1496 itii.
1298 1463 1300 1470 s

273 1524 367 1581 Corui.
389 1526 416 1580 3.
431 1525 495 1582 Non
514 1526 663 1596 requiritur
677 1530 707 1581 ut
720 1525 846 1580 minister
871 1525 998 1580 intendat
1020 1527 1153 1598 explicite

343 1613 558 1684 productionem
573 1613 667 1682 gratiae
678 1616 708 1676 at
720 1609 887 1668 characteris
905 1651 912 1680 ‚
928 1612 1148 1669 administratio·

343 1717 409 1756 nem
423 1701 599 1768 sacramenti,
611 1701 695 1754 ritum
718 1700 879 1769 religiosum
894 1703 978 1770 prout
989 1701 1150 1758 celebratur

344 1787 379 1841 ab
402 1787 528 1842 Ecclesia
550 1785 696 1842 catholici.
740 1819 1149 1842 ..........
1199 1780 1242 1838 ait

273 1873 370 1942 Qaoer.
386 1873 417 1928 2⁰
429 1872 517 1943 qualis
532 1872 689 1942 requiratur
704 1872 840 1928 intentio?
876 1909 1149 1930 .......
1199 1869 1242 1928 337

271 1960 410 2016 Probatur
432 1959 537 2028 requiri
550 1958 735 2014 intentionem
752 1958 977 2028 determinatam,
993 1960 1151 2018 absolutam

343 2049 392 2102 aut
403 2043 614 2114 aequivalentem
628 2046 772 2114 absolutae,
783 2047 884 2102 saltem
896 2046 1054 2104 virtualem.
1095 2088 1103 2106 .
1141 2085 1149 2106 .
1184 2045 1242 2104 uu

271 2132 312 2188 ΙΙ.
327 2161 362 2172 -
376 2133 417 2188 Ex
431 2137 510 2202 parte
529 2149 746 2190 macron:
784 2171 1149 2189 .........
1199 2130 1243 2188 368

274 2218 370 2288 Quor.
386 2219 415 2274 t0
428 2235 556 2290 quanam
573 2220 630 2276 sint
648 2221 785 2275 elementa
799 2221 1060 2277 sacramentorum?
1096 2261 1103 2276 .
1142 2261 1148 2276 .
1183 2218 1241 2277 iiii.

273 2306 350 2364 1⁰„Si
360 2311 459 2376 agatur
471 2308 507 2363 de
521 2309 701 2366 sacramentis
714 2308 938 2366 antechristianis
951 2325 957 2358 :

271 2394 411 2450 Probatur
432 2409 466 2450 ca
479 2395 662 2466 probabiliter
679 2414 738 2453 non
752 2397 837 2452 tuisse
856 2396 1006 2452 constituta
1023 2398 1110 2457 rebus
1123 2401 1152 2456 et

331 2483 447 2552 remis,
463 2483 514 2538 scu
529 2487 633 2539 tanturn
650 2485 734 2540 rebus
738 2519 1147 2541 ..........
1198 2477 1243 2536 369

271 2567 303 2624 2⁰
316 2567 345 2624 Si
359 2573 459 2638 agatur
468 2568 504 2623 de
512 2571 697 2625 ‘sacramentis
710 2570 867 2626 christianis
878 2581 887 2621 u

270 2655 516 2711 Datisuotiouibns
522 2657 633 2726 praeviis
641 2657 715 2712 circa
724 2657 870 2727 originem,
886 2657 1104 2728 applicationem
1119 2661 1148 2716 et

337 2757 453 2799 ¹sensum
470 2745 621 2800 uerborum
634 2746 756 2801 materia
770 2749 799 2800 ct
815 2747 912 2816 forma
914 2781 1148 2809 ......
1183 2739 1241 2798 tiit-

271 2831 408 2887 Probatur
422 2837 594 2888 sacramenta
609 2849 690 2890 novae
708 2833 777 2902 legis
791 2833 899 2888 duobus
909 2836 1048 2897 constare,
1064 2835 1148 2889 rebus

338 2920 469 2990 tanquam
478 2920 604 2989 materiai,
616 2923 645 2976 et
658 2921 751 2976 verbis
765 2923 896 2992 tanquam
914 2921 1012 2975 torma.
1050 2959 1056 2974 .
1094 2957 1103 2975 .
1140 2957 1148 2976 .
1198 2907 1243 2971 366

272 3005 367 3074 Quoer.
382 3006 413 3060 2⁰
426 3006 526 3077 quibus
538 3007 747 3064 conditionibus
761 3008 858 3064 vestiri
873 3008 994 3063 debeant
1012 3007 1151 3061 elementa

343 3099 581 3150 sacramentorum
597 3094 723 3166 (materia
737 3099 765 3151 et
778 3095 875 3169 torma)
890 3099 920 3150 ut
936 3093 1027 3153 ualida
1040 3094 1078 3148 sit
1090 3109 1140 3150 sa·
1295 3153 1296 3158 ,

304 3185 305 3190 ’
336 3181 475 3236 'crumenti
489 3182 644 3238 conlectio?
690 3217 1145 3235 ...........
1198 3169 1240 3230 661
1295 3161 1296 3229 i

270 3265 408 3326 Probatur
422 3264 557 3337 requirit.
566 3274 595 3324 ut
608 3271 736 3325 minister
750 3269 881 3325 adhibeat
894 3269 1041 3325 materiam
1054 3272 1083 3324 et
1096 3268 1153 3323 ior-

345 3355 561 3412 mambChristo
570 3357 777 3428 determinatae,
786 3373 839 3413 nec
847 3355 1148 3413 substantialiteradnl·

337 3445 467 3510 'taratas3
510 3483 518 3496 .
562 3477 1148 3498 ..............
1183 3429 1238 3492 66ῑᾶ
1294 3451 1295 3512 j

272 3521 426 3596 suplicatur
438 3541 566 3596 quaenam
580 3524 796 3584 adulterationes
811 3530 933 3586 materiae
949 3535 977 3588 ct
986 3531 1082 3588 iurmae
1092 3528 1146 3584 sint

341 3613 553 3684 substantiales,
578 3629 705 3686 quaenam
726 3617 912 3674 accidentales
916 3650 1146 3675 ......
1181 3603 1237 3667 t'tt‘i·
1287 3617 1294 3674 t
