2732 4038
698 171 740 182 -
765 124 831 199 tsi
855 169 900 184 -
997 167 999 171 ·

310 272 333 330 si
344 273 420 345 petat
429 272 547 346 publici,
557 272 691 342 probatur
702 271 976 326 sacramentnmesse
986 266 1169 323 administrari·
1293 333 1294 338 η

380 361 456 428 dum,
472 360 526 415 nisi
538 364 634 430 agatur
648 359 683 414 de
695 373 811 413 sacram.
827 357 943 414 ordinis.
993 385 1172 407 ·····
1214 351 1254 408 395

311 449 414 518 Queat,
431 447 470 504 2¹.
487 447 583 504 utrum
606 447 688 502 liceat
700 446 831 502 simulare
849 445 1115 501 administrationem
1132 459 1172 502 sa·

379 534 897 603 ammenti,neindignoconleraturt
933 557 944 584 ··
986 570 993 585 .
1033 570 1041 586 .
1080 568 1088 584 .
1125 575 1131 588 .
1165 563 1174 584 0
1217 525 1256 584 itt

309 625 448 684 Probatur
461 627 587 682 illicitam
602 641 663 681 esse
678 625 884 680 simulationem
898 624 952 696 qud
965 623 1093 682 minister
1105 622 1176 679 alli·

381 717 462 773 beret
475 715 620 771 materiam
643 715 758 782 nullam,
774 717 821 770 aut
844 712 1041 784 pronuntiaret
1064 714 1175 768 formam

380 804 486 875 absque
500 802 656 857 intentione
671 799 837 856 conficiendi
862 804 1080 868 sacramentum
1095 796 1177 853 -li-

381 889 465 944 citam
479 882 649 945 autem'esse
663 887 869 942 simulationem
884 888 939 958 qua
956 888 1084 944 minister
1092 885 1178 946 uerbis

380 973 835 1031 tormaesubstituaretaliaverba
837 1005 1177 1030 ........
1207 966 1259 1024 ilii.

1283 183 1294 256 af

309 1141 347 1197 ll.
357 1141 442 1198 -lle
457 1141 566 1210 legibus
580 1141 696 1210 special.
715 1155 846 1194 sumsero
849 1171 1137 1201 .......
1168 1174 1179 1194 -.
1207 1131 1262 1188 Ι39Ὶ

309 1229 335 1284 l,
352 1227 391 1284 De
405 1228 558 1298 receptione
566 1230 853 1284 armamentorum..
893 1265 900 1281 .
940 1268 947 1282 .
980 1252 983 1258 >
985 1260 1175 1286 .....
1208 1221 1261 1278 illd.

309 1315 451 1371 ludicatur
464 1315 592 1386 quadam
614 1318 788 1371 sacramenta
802 1331 867 1372 esse
887 1314 1066 1385 suscipienda
1084 1329 1180 1370 neces·

378 1404 459 1458 sitate
472 1403 568 1470 medii,
583 1403 639 1457 alia
661 1403 828 1458 necessitate
849 1403 992 1473 praecepti·
1030 1442 1039 1456 .
1080 1441 1086 1454 .
1127 1439 1134 1455 .
1170 1440 1176 1456 .
1206 1395 1260 1452 illd.

308 1489 349 1545 ΙΙ.
366 1489 404 1544 lte
417 1490 498 1546 modo
511 1489 674 1560 receptionis
677 1523 1175 1544 ............
1205 1482 1260 1540 toti.
1293 1481 1294 1500 ¹

307 1577 340 1632 ln
350 1592 454 1647 genere
468 1577 623 1646 subjectum
638 1578 777 1648 recipiens
795 1581 999 1634 sacramentum
1014 1576 1180 1634 tenetursub

379 1665 457 1734 gravi
470 1668 516 1718 aut
524 1664 575 1718 sub
590 1665 656 1733 levi,
667 1669 751 1734 prout
759 1666 877 1720 materia
886 1667 929 1721 est
942 1665 1034 1735 gravis
1045 1664 1179 1732 autlevis,

378 1752 414 1807 ad
429 1767 526 1806 omnes
540 1752 718 1807 conditiones
733 1757 762 1806 et
775 1752 996 1808 circumstantias
1009 1769 1081 1824 quas
1096 1751 1179 1822 exigit

377 1839 476 1907 religio
486 1837 522 1892 ad
530 1838 641 1906 dignam
666 1839 859 1910 receptionem
862 1873 1181 1894 ........
1211 1831 1264 1890 orl.
1293 1833 1294 1910 J

306 1925 349 1978 Ex
360 1925 414 1980 isto
429 1925 565 1994 principio
579 1925 727 1979 deducitur
741 1927 843 1981 solutio
859 1943 919 1997 seq.
931 1928 1132 1998 questionum:
1293 1925 1294 1936 ¹

307 2011 335 2065 1θ
349 2011 390 2066 lle
405 2010 621 2079 obligationibus
642 2011 840 2081 personalibus
864 2013 993 2083 subiecti.
1030 2048 1037 2065 .
1079 2049 1086 2064 .
1126 2053 1134 2068 .
1170 2052 1177 2067 .
1225 1999 1265 2060 ³9⁸

307 2099 399 2167 Quor.
409 2098 437 2152 1⁰
446 2097 545 2156 Utrum
554 2099 708 2168 saneotum
722 2099 861 2168 recipiens
872 2104 1079 2158 sacramentum
1089 2107 1179 2158 tenea·

377 2189 421 2240 tur
430 2187 465 2242 ad
480 2186 666 2256 sanctitatem,
677 2190 706 2243 et
721 2192 814 2244 utrum
824 2192 952 2244 teneatur
968 2188 1006 2245 ad
1020 2205 1177 2246 sacramen·
1293 2249 1294 2256 χ

377 2276 434 2328 tum
448 2273 643 2343 poenitentiae?
678 2309 1178 2330 ............
1210 2265 1263 2324 itti·

305 2360 710 2429 Qnoer.2⁰Utr1lmteneatur
736 2361 772 2416 ad
794 2362 1000 2418 attentioneml
1036 2395 1044 2412 ι
1084 2401 1091 2416 .
1128 2387 1135 2415 r
1169 2395 1177 2412 .
1208 2351 1262 2411 ilid-
1293 2393 1294 2410 2

303 2449 333 2502 ‘20
349 2449 388 2503 lie
403 2448 618 2518 obligationibus
632 2448 749 2519 subjecti
762 2449 889 2505 relativis
904 2450 942 2504 ad
960 2451 1134 2506 ministram.
1169 2482 1176 2499 .
1208 2439 1262 2496 ilii.

305 2537 399 2603 Qreoer.
414 2537 511 2592 Utnlm
526 2537 609 2592 liceat
622 2537 748 2606 subjecto
762 2539 857 2606 petere
871 2541 1045 2594 sacramenta
1056 2536 1176 2594 aminis·

374 2629 419 2678 tro
440 2623 576 2694 indigno!
623 2657 1133 2680 ............
1206 2612 1260 2674 llil·
1291 2589 1294 2646 ⁴

550 2777 740 2834 lli-Palas
754 2776 1032 2835 DISCIPLINARIS.

301 2935 391 3001 Leges
406 2932 602 2989 ecclesiasticae
616 2935 760 3003 generales
774 2932 810 2988 de
824 2933 1005 2990 sacramentis
1023 2948 1170 2992 resumun-

372 3028 416 3077 tur
430 3023 457 3076 in
467 3039 527 3094 seq.
543 3024 798 3094 propositionibus:
956 3009 961 3016 ’

302 3111 465 3168 l⁰Minister
480 3115 588 3166 tenetur
602 3113 664 3181 lege
675 3111 863 3167 ecclesiastici
870 3111 1066 3169 administrare
1080 3127 1170 3170 sacra*

371 3201 466 3253 menta
479 3199 590 3268 quando
605 3200 759 3270 subJ'ectum
774 3199 873 3256 eadem
886 3201 949 3271 lege
962 3204 1114 3258 teneturea
1125 3216 1170 3258 re·

371 3286 465 3356 cipere
468 3319 650 3339 .....
682 3331 683 3334 ,
689 3319 1164 3345 ...........
1213 3267 1258 3335 399

299 3373 328 3427 2⁰
342 3373 502 3441 San'ectum
512 3374 622 3428 tenetur
630 3371 755 3444 recipere
766 3380 940 3434 sacramenta
949 3393 1067 3448 quorum
1076 3391 1169 3449 recep·

324 3508 326 3512 .
367 3460 409 3516 tio
431 3459 619 3531 praescribitur
641 3460 677 3521 ab
698 3463 827 3526 Ecclesia
830 3497 1166 3523 ········
1200 3443 1255 3517 titii
1293 3445 1294 3472 ³

1289 3591 1294 3646 t
