2732 4038
503 403 548 414 -
570 365 635 432 597
657 401 701 414 --

2 599 3 604 ¹
107 505 239 578 erroris.
256 506 309 574 Sic
326 525 357 573 v.
380 524 413 590 g.
435 487 510 570 licet
524 483 721 570 confessario
741 521 841 591 super
859 503 1089 592 indispositum

2 617 3 626 ’
103 609 290 700 subjectum
313 609 444 698 ¹aliquid
461 630 554 676 orare
570 622 603 676 et
624 610 701 674 dare
718 607 862 688 crucem,
882 607 923 675 ne
946 610 1018 698 ejus
1037 609 1089 678 in·

2 717 4 734 '
106 718 273 804 dispositio
290 717 457 804 prodatur.
476 716 571 782 Modo
597 715 744 782 minister
767 714 993 801 deceptionem
1019 737 1086 786 non

2 906 4 925 Ι
107 821 270 906 intendat:
285 819 428 906 alioquin
445 818 605 906 mendacii
621 817 733 884 saltem
750 815 893 886 formalis
903 839 977 886 reus
985 829 1084 896 esset.

204 978 382 1075 §tte-on
396 997 541 1050 necteus
565 997 787 1050 sononmnns
807 997 989 1050 sumsere.
1012 977 1053 1030 h

106 1123 279 1212 Duplici
292 1122 511 1212 propositione
524 1121 744 1202 eontinentur,
754 1141 892 1210 quarum
903 1119 992 1208 prior
993 1143 1090 1217 spec·

3 1235 9 1274 't
68 1227 77 1238 ⁷
105 1241 152 1298 tat
167 1229 207 1298 ιιι
225 1242 502 1296 sacramentorum
519 1230 752 1334 receptionem,
770 1227 930 1346 posterior
947 1234 1025 1294 vero
1044 1229 1087 1341 ad

3 1337 10 1398 ἕ
109 1337 246 1403 modum
264 1336 469 1422 receptionis.

4 1446 12 1490 l
64 1439 86 1466 ²·
153 1439 335 1508 l’noeosmo
353 1441 380 1506 p
396 1447 555 1528 (spectans
573 1439 639 1506 od
630 1448 733 1527 rps'am
749 1441 963 1526 receptionem
981 1445 1090 1509 saera·

107 1551 321 1627 mentorum).
333 1546 562 1633 Subjeetum
532 1547 593 1612 sub
604 1541 692 1632 graii
706 1559 833 1612 tenetur
844 1547 989 1633 recipere
1001 1567 1091 1635 quae

4 1641 5 1656 ¹
68 1649 77 1657 ’
102 1647 185 1721 dein
201 1667 400 1758 sacramenta
414 1654 602 1720 necessitate
614 1651 726 1776 medii,
742 1653 892 1740 quaedam
902 1655 1093 1723 necessitate
1117 1689 1120 1694 ·

135 1781 216 1828 raecc
241 1761 276 1828 ti.
375 1773 379 1776 '
407 1769 409 1774 '

108 1783 130 1856 p
153 1783 346 1934 Narcissitate
362 1857 461 1933 medii
488 1872 638 1931 tenentur
658 1851 802 1952 recipere
829 1865 1060 1954 Baptismam
1050 1888 1091 1934 tn

4 2014 5 2028 ι
108 1993 146 2040 re
163 1983 218 2038 eut
234 1973 369 2051 iuncto,
389 1975 502 2038 omnes
516 1970 683 2050 hominem
703 1970 947 2040 Poenitentia'm'
939 1995 972 2038 ιιι
989 1973 1024 2078 r'e
1034 1981 1094 2082 aut

45 2131 51 2142 .
108 2079 143 2146 in
160 2091 245 2156 voto,
261 2077 316 2164 qui
334 2065 568 2159 commiserunt
580 2079 748 2164 peccatum
766 2077 913 2162 mortale

154 2183 347 2250 Necessitate
359 2173 528 2266 precepti
535 2189 685 2247 tenentur
701 2181 845 2268 recipere
870 2181 1095 2264 Confirmatio·

3 2283 12 2348 l
109 2297 236 2358 namet
259 2288 504 2368 E‘uclioristiom,
528 2305 641 2358 omnes
661 2285 1095 2365 adult13Extrema-m·Unc-

109 2398 245 2484 tionem,
264 2395 319 2483 qui
336 2393 455 2461 suntin
473 2391 617 2480 periculo
633 2392 768 2469 mortis3
787 2391 957 2472 Ordinem,
976 2395 1032 2480 qui
1044 2395 1090 2463 ud

109 2503 310 2570 exercendas
322 2499 505 2566 functiones
526 2517 635 2564 sacres
658 2497 880 2574 'destinantum
913 2517 1094 2568 sacramen-

108 2622 180 2676 tum
196 2605 409 2684 Matrimonii,
429 2604 483 2692 qui
501 2602 612 2670 volunt
624 2601 707 2666 inire
724 2595 980 2668 matrimonium.
1004 2592 1010 2602 ’
1082 2645 1085 2652 -

143 2707 265 2798 Quae
268 2712 376 2778 omnia
397 2708 458 2778 sub
483 2707 583 2778 titulis
608 2703 804 2797 specialibus
825 2707 866 2774 de
881 2708 1095 2778 sacramentis

106 2819 372 2910 explicabuntur..

106 2923 396 2998 Pnorostnollt
407 2928 564 3011 (spectans
577 2922 618 2986 ed
633 2923 766 2986 ιιιοιιιιιιι
783 2917 1000 3008 receptionis)
1013 2900 1094 2986 Sdb·

104 3033 235 3126 qe'c'tum
249 3045 410 3120 recipiens
423 3040 662 3098 sacramentum
688 3039 815 3098 tenetur
841 3028 903 3094 sub
922 3028 1010 3112 gravi
1039 3032 1095 3094 aut

68 3172 74 3196 ι
107 3139 178 3210 eol)
195 3140 270 3219 loti,
288 3141 385 3226 prout
400 3137 545 3203 matoria
543 3143 597 3201 est
612 3135 717 3221 gravis
735 3149 791 3200 aut
810 3134 901 3214 laris,
920 3135 961 3202 ed
983 3152 1096 3202 omncs

104 3247 318 3317 conditiones
334 3241 643 3322 etciroumstantins,
653 3261 734 3329 quos
746 3241 842 3326 exigit
854 3239 967 3328 religio
979 3241 1020 3308 ad
1031 3239 1098 3327 dig·

111 3375 193 3424 nam
202 3351 468 3441 receptionem

163 3461 245 3544 Quae
261 3455 438 3547 propositio
458 3455 650 3544 probatione
677 3475 741 3520 non
759 3453 946 3538 indiget.
955 3489 958 3494 -
985 3487 988 3492 -
1011 3485 1014 3492 ·

82 3561 105 3610 ·.
162 3565 241 3634 lude
257 3565 425 3632 solvuntur
439 3561 634 3650 quaestiones
650 3568 822 3648 sequentes
836 3561 879 3626 dc
895 3557 1099 3644 obligationi·-

103 3677 186 3744 eus
203 3671 392 3762 subjecti,
366 3691 432 3742 sire
448 3669 729 3784 personalibus,
703 3687 771 3737 stre
782 3667 921 3735 relativis
934 3665 983 3734 ed
977 3685 1098 3736 ιιιιιιιι

66 3792 223 3846 trum
1044 3808 1046 3813 ·
