2708 4122
564 305 609 318 -
632 261 697 336 99¹9
720 305 765 320 -

181 403 418 494 supernaturali
436 399 515 472 nillil
529 413 701 495 possumus
718 406 859 492 eogitaro
876 413 894 472 a
909 401 1003 475 nobis
1016 407 1107 497 quasi
1122 423 1160 477 ex

181 513 290 592 nobis,
316 512 372 579 sed
391 511 581 580 sufficientia
599 526 707 581 nostra
726 535 764 584 ex
786 516 855 582 Deo
878 527 944 598 est3
964 535 1042 602 ergo
1058 517 1160 614 gratia

180 617 316 685 actualis
340 617 516 706 requiritur
539 619 694 685 etiamad
721 619 848 688 initium
872 621 961 688 fidei.
979 621 1016 688 5⁰
1034 623 1158 691 Coneil.
1258 695 1260 702 s

178 723 413 794 Arausieunum
430 725 474 803 ll,
493 744 565 790 ean.
579 721 612 803 ii,
633 719 678 790 sie
689 723 818 791 definit:
832 725 876 818 ,st
887 729 969 813 quia,
991 730 1160 817 sioutaup-

176 833 334 909 mentera
348 831 398 895 itti
410 831 538 896 initium
548 831 636 918 fidei,
649 831 818 918 ipsumque
838 835 1040 900 credulitatis
1061 837 1160 922 affro·
1262 921 1265 929 Ι

179 949 261 1018 tunt,
273 959 336 1025 quo
349 940 382 1005 in
393 960 464 1006 oum
473 941 855 1030 oredirnuaquijastifiaat
864 943 1012 1028 irnpiurn,
1024 966 1091 1012 uon
1101 965 1161 1031 per

175 1046 295 1132 pratia
322 1047 464 1125 douram,
494 1047 531 1112 id
556 1057 620 1126 eat,
647 1069 709 1132 per
738 1049 987 1132 inspirationem
1018 1050 1161 1136 Spiritus

177 1151 351 1231 Sarnali...,
365 1155 424 1219 aed
433 1155 629 1220 naturaliter
640 1154 733 1222 nobis
747 1163 851 1221 tueare
867 1156 956 1236 dicit,
976 1160 1162 1241 apostolicis

179 1258 388 1344 aopmarttos
401 1261 612 1330 adversariae
628 1260 845 1346 approbatur.
875 1261 912 1326 Et
929 1259 1051 1328 Concil.
1069 1263 1159 1332 trid.

180 1365 288 1431 vibrat
300 1365 470 1432 anathema
488 1379 663 1434 contraeas
680 1368 736 1454 qui
749 1367 861 1434 dieunt
877 1367 1042 1435 hominem
1066 1389 1162 1456 passe
1184 1399 1186 1403 ·

178 1471 253 1538 siue
268 1471 477 1566 inspiratione
493 1472 631 1562 Spiritus
650 1474 757 1541 Sancti
774 1475 916 1552 credero,
937 1487 998 1541 eto.

232 1579 339 1644 Corol.
360 1579 420 1645 111.
435 1580 538 1644 Homo
549 1579 618 1646 siue
628 1580 730 1665 gratia
745 1579 862 1647 actuali
876 1600 943 1672 non
961 1585 1065 1667 potest
1080 1581 1163 1649 rette
1254 1575 1258 1578 ’

180 1689 215 1750 ct
224 1683 351 1771 operari
368 1683 490 1750 bonurn
508 1683 765 1772 supernaturale.
777 1685 898 1752 -·Hue
913 1685 1162 1780 praeoipueten·

180 1789 266 1858 dunt
281 1783 487 1879 probationes
498 1790 529 1856 in
547 1792 766 1880 propositione
778 1791 920 1877 generali
938 1791 1054 1860 nllatae.

231 1897 339 1984 Corol.
355 1897 409 1964 tt.
424 1895 541 1975 Gratia,
552 1911 584 1964 et
598 1897 730 1986 quidum
748 1897 909 1988 specialis,
925 1899 1100 1985 requiritur
1121 1899 1162 1967 ad

179 2003 455 2093 perseverantiam
482 2001 625 2070 finalem.
652 2042 699 2054 —
726 1999 911 2092 Requiritur
935 2005 1058 2089 gratia:
1087 1989 1163 2069 naun

182 2109 420 2199 perseverantia
434 2111 474 2176 ad
486 2109 699 2178 obtinendum
711 2109 810 2178 finem
822 2109 1102 2200 supernaturalem
1116 2121 1165 2178 est

189 2216 379 2284 necessaria.
391 2255 435 2266 -
451 2215 746 2304 Requiriturgratia
763 2215 932 2304 specialis:
951 2203 1113 2308 siquidem
1129 2216 1163 2282 l⁰

184 2323 420 2412 perseverantia
448 2323 552 2388 linaiis
579 2343 645 2388 non
669 2323 859 2390 conceditur
884 2315 1037 2389 omnibus
1055 2321 1163 2410 justis,

181 2419 342 2498 sed‘sotis
362 2429 616 2518 praedestinatis3
641 2449 718 2514 ergo
740 2426 879 2516 speciale
903 2439 952 2496 est
968 2427 1106 2495 donum.
1125 2427 1165 2493 2⁰

184 2536 310 2620 Conoil.
328 2536 418 2613 Trid.
437 2534 645 2615 sess.6,ean.
664 2535 721 2601 ti:
744 2535 863 2620 Siquis
875 2532 1166 2620 diaeritjustiptau·

183 2653 265 2724 tum,
281 2645 333 2710 vel
350 2643 420 2709 sine
435 2642 570 2727 periali
592 2627 716 2708 attritio
735 2641 807 2721 Dei,
834 2641 869 2707 in
888 2640 1021 2724 acceptet
1034 2639 1165 2723 irretitid

179 2769 395 2837 perseuerare
408 2769 515 2834 posse,
527 2750 580 2814 uel
588 2769 661 2814 oum
677 2769 712 2814 eo
725 2769 790 2842 nou
799 2767 910 2840 possa,¹
919 2746 1093 2812 anatliema
1108 2744 1163 2812 sit.

233 2855 270 2922 ἢ*
292 2853 479 2944 Subquaest.
509 2855 622 2922 Uirium
643 2851 764 2943 aisque
782 2854 893 2944 pratia
922 2852 1044 2919 actuali
1071 2851 1165 2918 lrorrro

184 2961 284 3030 etiam
301 2964 413 3048 lapsus
423 2961 527 3047 possit
542 2961 675 3047 operari
691 2941 855 3028 toriamtn
867 2960 981 3026 ordine
996 2957 1167 3036 naturali?

234 3069 268 3134 ln
285 3069 419 3136 matoria
435 3067 599 3156 praesenti,
618 3066 737 3157 duplex
752 3065 941 3152 atheologis
960 3065 1169 3152 distinguitur

185 3174 347 3264 potentia:
372 3173 523 3262 physica,
548 3173 579 3240 vi
608 3171 702 3261 eujus
732 3170 832 3240 homo
856 3184 961 3261 potest
992 3171 1166 3250 absolute,

64 3361 72 3374 ι
187 3282 336 3369 quamuis
360 3281 569 3360 difficillime3
597 3282 746 3362 moralis,
769 3280 799 3348 vi
830 3279 925 3368 eujus
947 3277 1046 3344 lronro
1063 3288 1170 3366 potest

186 3385 313 3473 absque
329 3391 446 3471 magna
462 3383 649 3452 difficultate
663 3383 788 3452 bonum
801 3382 942 3472 operari.
957 3381 1032 3464 Quo
1049 3377 1165 3467 posito,

234 3491 331 3580 iieap.
352 3493 480 3562 Certum
496 3503 542 3558 est
559 3491 595 3557 l⁰
616 3491 783 3560 hominem
800 3487 925 3581 lapsum
944 3508 1038 3578 posse
1061 3505 1168 3552 mora

188 3599 264 3668 liter
280 3600 415 3691 proinde
443 3597 587 3692 physica,
606 3599 730 3690 absquo
760 3599 860 3687 gratia
883 3593 1014 3679 actuali,
1033 3591 1165 3683 aliquod

1254 3561 1268 3592 C
