2710 4116
573 375 777 439 -ill-

236 511 400 580 Probutio.
423 547 468 559 -
494 511 528 575 l⁰
557 513 632 577 Haec
656 511 819 598 privilegiu
846 509 977 576 suerunt
998 509 1030 575 in
1052 509 1183 580 Adnmo

190 623 380 697 innocente;
398 639 475 704 ergo
503 623 519 685 a
545 619 667 684 fortiori
692 619 723 682 iu
743 617 890 696 Clrristo,
909 617 969 683 nisi
994 634 1184 705 repugnent

189 726 305 796 visioni
324 725 499 804 intuitivae,
528 739 583 791 aut
606 724 826 790 functionibus
853 725 1059 812 reparatoris.
1083 725 1181 813 Atqui

191 851 257 898 uon
280 837 461 918 repugnant
483 827 597 894 visioni
625 829 797 894 intuitivae:
817 847 881 896 non
906 835 1065 913 repugnat
1089 831 1180 894 'cuim

193 936 308 1003 cadem
324 932 449 1020 objecta
467 934 618 1018 cognosci
636 954 693 1020 per
709 933 865 998 visionem
889 933 1061 998 beatorum
1079 934 1178 1000 simul

193 1055 225 1107 et
235 1041 450 1125 cognitionem
464 1041 635 1106 viatorum.
650 1039 714 1105 Nec
728 1038 946 1104 iunctionibus
960 1042 1174 1126 reparatoris:

195 1147 343 1214 Christus
355 1147 441 1214 enim
459 1155 605 1236 quamuis
623 1147 791 1236 possidens
805 1145 970 1210 scientiam
986 1146 1166 1234 perfectam,

191 1253 296 1342 potuit
321 1254 398 1341 pati,
429 1274 465 1320 no
486 1253 622 1341 proinde
643 1250 827 1318 satisfacere
846 1259 876 1318 et
894 1270 1045 1339 reparare
1067 1249 1168 1317 homi·

194 1375 284 1424 nem.

239 1464 278 1529 2⁰
296 1461 439 1531 Christus
469 1470 502 1530 ut
527 1463 626 1530 homo
651 1476 719 1529 erat
740 1463 899 1528 Dominus
923 1461 1175 1542 uniuersorum,

195 1571 300 1659 Caput
314 1572 484 1658 iudexque
506 1571 651 1638 omniurn
670 1569 955 1652 intelligentiarum
974 1577 1177 1648 creatarum3

193 1698 292 1766 porro
317 1677 471 1758 Domino,
491 1677 614 1766 Capiti,
642 1677 749 1744 ludici
767 1676 1005 1766 ,universorum
1024 1678 1180 1765 competit

197 1785 344 1850 omnium
366 1784 521 1869 cognitio.

242 1889 429 1976 Explicatio.
444 1927 487 1940 -
502 1889 551 1953 De
568 1887 699 1952 scientia
715 1886 833 1952 Christi
846 1887 1090 1954 determinanda
1105 1902 1182 1956 sunt

198 1997 234 2060 l⁰
251 1995 428 2079 objectum,
445 1993 483 2058 2⁰
501 1992 655 2069 medium,
674 1991 709 2055 50
726 1994 950 2079 proprietates.

170 2078 188 2108 ⁰
244 2099 280 2164 l⁰
299 2097 475 2184 Objectum.
494 2099 527 2163 ln
551 2118 693 2182 genere,
719 2098 864 2166 Christus
891 2101 1041 2184 coguovit
1070 2099 1178 2168 omnia

141 2233 146 2244 ‘
196 2199 384 2272 naturaliter
412 2217 443 2270 et
469 2205 756 2292 supernaturaliter
781 2206 904 2272 homini
926 2208 1153 2292 cognoscibilia
1162 2227 1172 2282 ;

198 2308 342 2396 alioquin
361 2308 432 2397 ejus
443 2311 582 2397 cognitio
596 2331 659 2376 non
678 2310 958 2400 inissetpericetu.

225 2416 382 2485 *Proinde
401 2419 620 2504 cognoscebat
640 2457 686 2468 -
710 2419 742 2484 in
759 2419 874 2490 ordine
897 2417 1049 2498 naturali,
1069 2419 1177 2498 entia,

197 2545 263 2594 non
280 2523 387 2592 solum
400 2525 506 2616 quoad
524 2525 660 2618 species,
680 2526 736 2592 seri
750 2525 845 2590 ctiam
859 2526 967 2612 quaid
989 2526 1179 2604 individua;

198 2633 408 2720 cogitationes
421 2633 581 2714 cordium,
597 2647 628 2699 et
644 2629 750 2700 sutura
768 2633 864 2698 etiam
882 2632 1097 2716 contingentia
1112 2654 1121 2710 ;
1137 2670 1183 2682 »-

197 2741 231 2806 in
245 2741 359 2809 ordine
372 2740 622 2830 supernaturali,
635 2741 718 2807 entia
731 2739 986 2828 supernaturalia
1001 2762 1009 2817 ;
1028 2739 1183 2824 mysteria

198 2847 287 2930 litlei,
314 2851 410 2916 etiam
437 2851 624 2936 mysterium
645 2842 807 2914 Trinitatis
833 2847 940 2934 quoutl
963 2835 1181 2912 evislentiam.

198 2955 273 3022 llaec
289 2957 375 3022 etviru
398 2969 473 3021 sunt
500 2955 676 3021 intellectui
706 2957 849 3020 lrumnno
868 2953 1098 3040 cognoscibilia
1122 2975 1183 3042 per

200 3059 305 3132 merlin
324 3060 480 3126 naturalia
498 3073 553 3124 aut
572 3057 841 3144 supernaturalia.

245 3163 312 3227 Nou
331 3167 478 3250 cognovit
495 3178 603 3230 autern
621 3164 727 3230 omnia
742 3166 924 3253 possibilin3
939 3168 1012 3252 quia
1031 3188 1182 3253 cornpre·

197 3267 364 3344 hendisset
385 3271 671 3360 omnipotentiam,
702 3274 789 3360 quod
819 3275 942 3341 excellit
969 3275 1181 3362 capacitatem

200 3375 390 3443 lrurunuam.
833 3433 834 3438 ,

243 3483 281 3546 9⁰
302 3484 453 3551 illecliunt.
486 3485 663 3552 Cluistusir
687 3487 791 3572 primo
809 3488 1028 3573 conceptionis
1047 3487 1180 3552 instanti

197 3583 312 3650 habuit
332 3607 444 3653 omues
467 3591 667 3674 cognitiones
691 3592 858 3678 praetlietns
880 3613 938 3678 per
960 3593 1176 3668 inlusionem3

201 3685 345 3770 insuper,
366 3693 504 3758 decursu
523 3708 705 3790 temporum
715 3697 1006 3786 multnsacquisivit
1018 3720 1075 3788 per
1085 3718 1176 3786 expe·
