2732 4038
586 379 590 384 ·
659 349 862 421 *atu-

269 501 320 566 tro
336 493 394 581 qui
403 508 530 560 omnem
543 490 643 558 ritum
658 501 826 558 aeternum
839 492 1043 576 formamque
1064 487 1262 590 baptizanda·

269 601 432 678 oluerunt,
444 600 531 666 latita
546 601 623 670 uerti
639 599 673 668 ita
689 599 786 664 corda
798 617 856 664 auo
870 598 1025 676 recoluit:
1040 617 1109 664 non
1125 600 1260 666 intendo

270 709 359 796 quod
370 707 449 792 (urit
465 705 620 771 Erctctiu.
633 705 670 771 l·
691 705 724 772 Si
743 703 917 792 rejicienda
939 715 1025 773 essct
1043 704 1157 790 opinio
1176 703 1284 791 alliu*

152 875 160 892 ,
269 834 363 882 mans
380 811 602 882 necessitatem
621 812 805 880 intentionis
827 811 983 890 internae,
1003 811 1143 878 maxime
1167 813 1268 900 quia}

271 923 333 990 lata
347 920 501 1008 opinione
511 919 626 1006 posita,
646 919 687 984 de
704 916 867 984 validitate
888 916 1081 996 sacramenti
1110 933 1258 1006 comtum

270 1049 335 1096 nou
353 1033 472 1114 posset,
492 1038 523 1092 ct
539 1045 577 1092 ex
590 1032 628 1092 et
642 1025 867 1092 incertitudine
880 1033 1090 1092 nascerentur
1106 1024 1255 1094 fidelibus

270 1132 568 1200 animamarum
589 1131 661 1198 haec
683 1132 763 1198 ratio
776 1129 864 1198 nulla
881 1139 941 1198 est.
964 1129 1140 1216 Equidem,
1163 1132 1191 1196 ai
1203 1153 1251 1198 re·

271 1239 412 1328 quiritur
427 1239 562 1306 intentio
580 1236 716 1314 intcrna‚
735 1236 841 1304 tidelis
857 1256 921 1304 non
933 1249 1039 1324 potest
1050 1235 1166 1305 babere
1178 1257 1247 1324 cer·⁴

267 1335 438 1412 titudinem
450 1345 614 1434 playaioam
626 1343 666 1410 de
677 1343 839 1422 validitate
854 1342 1060 1410 sacramenti.
1077 1344 1184 1410 Potest
1195 1363 1256 1432 au7,

270 1465 335 1520 tem
348 1452 469 1520 lraberc
485 1451 710 1519 certitudinem
729 1449 899 1517 moralem.
916 1447 1116 1516 Certamini
1133 1471 1257 1538 praesu·

269 1559 369 1624 mitur
384 1557 580 1636 ministrum,
596 1557 655 1622 nisi
674 1558 715 1622 de
734 1543 804 1643 eiua
822 1556 986 1644 impietate
1009 1569 1041 1622 et
1053 1556 1176 1650 malitia
1194 1555 1256 1624 diass

268 1665 527 1744 baliudaonatet,
549 1665 671 1732 habere
695 1663 907 1730 intentionem
925 1661 1086 1730 internam
1105 1663 1258 1730 adminis-

272 1771 381 1840 trandi
402 1781 652 1848 sacramentum,
677 1773 750 1844 clam
769 1771 865 1839 ritum
882 1769 1160 1845 sacramentalem,
1172 1773 1260 1838 serio

268 1879 424 1946 celebrat.
440 1880 539 1944 Porro
556 1877 888 1963 sapientiactbouitas
900 1877 960 1942 oet
980 1875 1060 1940 uilril
1079 1874 1164 1944 ultra
1186 1899 1259 1945 cer·

267 1984 439 2049 titudinem
456 1981 611 2049 moralem
628 1981 771 2065 exigunt,
789 1984 864 2048 edm
880 1983 1045 2069 Sarapion
1055 1996 1182 2052 constet
1198 1983 1260 2050 ho·

268 2089 391 2154 minem
404 2088 436 2155 ia
448 2087 514 2154 hdo
526 2089 590 2155 rita
603 2087 727 2154 nescire
739 2091 848 2156 utrum
858 2108 969 2158 umora
984 2109 1029 2157 un
1045 2091 1120 2167 0le
1137 2091 1261 2178 utantur,

267 2194 325 2259 cit.
767 2207 769 2212 ·
1176 2269 1180 2276 1

262 2309 265 2316 ’
312 2299 470 2382 Quamuis
485 2297 584 2367 dubia
602 2297 948 2391 manetctspeualative
965 2302 1076 2391 opinio
1088 2301 1260 2373 affirmans

266 2405 491 2475 arcaniorem
507 2407 693 2476 intentionis
704 2409 838 2476 interam
849 2461 858 2488 ,
870 2422 962 2478 certa
979 2409 1188 2498 esttpracticc
1201 2431 1211 2488 ;
1224 2411 1258 2476 in

266 2510 368 2582 dubio
379 2513 464 2582 eninr
474 2514 558 2581 circa
571 2515 765 2584 validitatem
778 2524 1054 2584 sacramentorum
1064 2537 1140 2604 para
1156 2516 1257 2586 tutior

269 2621 493 2705 eeteligenda.
1028 2607 1032 2616 ⁵

316 2729 424 2796 Garat.
443 2727 505 2794 III.
528 2725 613 2812 Ergo
643 2747 710 2796 nan
730 2729 905 2816 requiritur
924 2741 959 2797 ut
980 2729 1127 2810 minister
1145 2750 1255 2798 sacra·

265 2835 366 2904 menti
379 2835 677 2923 intendatexplicito
694 2837 939 2924 productionem
953 2837 1063 2920 gratim
1076 2844 1109 2902 ct
1120 2823 1254 2903 charac-
1274 2853 1278 2856 ’

265 2942 355 3020 teris,
374 2942 684 3013 administrationem
707 2944 917 3021 sacramenti,
941 2943 1042 3010 ritum
1063 2944 1255 3030 religiosum
1308 2981 1309 2984 ¹

264 3052 363 3136 proiat
375 3049 558 3114 celebratur
569 3049 610 3115 ab
624 3049 762 3115 Ecclesia
778 3049 959 3119 uallatam

308 3153 368 3220 Pr.
383 3155 418 3218 l'0
436 3149 607 3222 Sollicitat
625 3157 770 3248 minister
781 3155 897 3222 lrabeat
908 3155 1121 3224 intentionem
1132 3155 1254 3224 lacien-

265 3257 298 3324 di
312 3258 400 3343 quod
419 3259 494 3328 lacit
515 3261 654 3332 Ecclesia
679 3284 770 3342 uera,
787 3281 1004 3350 quaecumque
1032 3263 1085 3330 sit'.
1104 3259 1142 3344 2⁰
1158 3259 1254 3332 Valet

262 3361 456 3453 baptismus,
472 3367 567 3434 etiam
581 3369 621 3435 ab
634 3369 805 3448 haereticis,
824 3369 890 3434 imo
903 3369 944 3435 ab
962 3369 1084 3436 infideli
1098 3360 1249 3438 cadolus.

262 3465 363 3536 Porro
376 3471 515 3538 iolldclis
533 3483 598 3540 tron
617 3474 677 3542 sibi
696 3475 846 3562 proponit
868 3473 1115 3563 productionem
1129 3479 1248 3562 ¹gratim

263 3586 295 3637 et
314 3573 519 3655 characteris,
538 3577 847 3647 administrationem
865 3584 1056 3660 sacramenti
1069 3589 1170 3673 ,calm
1193 3583 1247 3650 illa

261 3675 410 3755 ignorem
432 3699 491 3760 nea
513 3681 671 3763 infidelis,
701 3687 957 3762 neclraareticas
971 3689 1033 3759 eibi
1059 3696 1259 3782 proponunt·
