2640 4150
600 381 805 452 ..reuſs

217 535 290 598 rant
303 523 486 622 humanum
501 518 714 592 intellectum.
739 521 878 592 Aliunde
898 521 1045 594 veritates
1066 525 1186 594 ratione

216 631 341 700 rantum
355 629 521 719 acquisitas
535 627 667 698 seientia
682 639 937 714 cognoscuntur,
959 649 1026 697 non
1039 629 1113 700 lide.
1159 661 1163 670 ·
1188 665 1192 672 ·

261 738 301 806 l⁰
314 737 454 808 Proinde
466 735 661 804 revelatione
677 733 744 802 sivo
758 733 957 818 immediata,
975 737 1042 805 sive
1055 735 1186 805 mediata

216 860 276 936 pet·
290 841 448 930 Angelum
459 841 525 910 sive
541 841 679 921 interna,
691 840 758 909 sive
774 843 1184 911 esterna-llevelationer

214 971 267 1018 res
279 949 323 1017 ita
336 961 383 1018 est
397 949 424 1016 si
438 948 470 1015 l.
485 947 586 1016 Adam
603 947 701 1014 fidem
712 945 884 1028 habuerit,
903 949 930 1015 ei
947 948 981 1016 2.
1000 949 1083 1018 fides
1103 971 1189 1019 rere·

211 1054 368 1124 lationem
383 1065 557 1142 supponat.
570 1051 717 1140 Atqui'l.
735 1052 836 1119 Adam
857 1053 971 1120 habuit
991 1053 1114 1122 fldem:
1132 1057 1190 1124 lla·

213 1161 288 1231 hue.
318 1160 352 1240 2,
378 1159 419 1225 l:
441 1159 593 1226 luatur...
610 1159 647 1226 in
665 1160 731 1247 fide
747 1158 918 1226 suaviust.
940 1157 1052 1226 llaebr.
1074 1161 1129 1238 ll,
1149 1163 1165 1226 l
1176 1183 1186 1224 :

214 1260 317 1337 liat...
335 1267 416 1355 fides
439 1266 682 1351 sperandorum
696 1263 879 1330 substantio
897 1283 1021 1331 rerum.
1040 1265 1127 1332 lbid.
1144 1265 1181 1332 δι

211 1371 420 1460 Sinopide...
443 1369 642 1456 tmporrtttte
669 1379 717 1435 ert
739 1370 875 1454 placere
900 1369 982 1436 Deo.
1012 1369 1190 1438 Undesie:

161 1533 163 1540 s
209 1477 312 1548 Adam
322 1475 517 1565 erntjustus,
532 1475 679 1566 placebat
695 1475 777 1556 Deo,
796 1475 967 1564 sperabat3
986 1495 1066 1562 ergo
1079 1486 1191 1546 extes-

210 1585 412 1672 tibus‘supra
428 1581 552 1670 positis,
571 1581 671 1650 fldem
682 1579 840 1648 ⁴habebat.
863 1581 897 1647 2.
912 1581 1005 1649 Fides
1021 1583 1189 1651 revelatio·

211 1711 288 1760 nem
303 1689 477 1780 supponit:
496 1707 536 1754 ex
559 1685 625 1754 fiale
648 1685 798 1754 lieelesiae
820 1697 852 1754 et
866 1683 1090 1770 theologorum
1110 1705 1188 1752 eon-

83 1881 87 1888 ·
210 1799 309 1865 sensu
339 1799 482 1870 eonstat3
501 1790 583 1858 fides
601 1791 688 1858 enim
705 1797 753 1858 est
768 1790 913 1859 adhaesio
927 1791 1050 1859 veritati
1068 1789 1110 1860 ol)
1126 1803 1189 1859 tes·

210 1901 384 1972 timonium
395 1897 518 1966 Dei.-·-
526 1895 732 1964 Revelatione
747 1897 887 1965 medula
907 1903 963 1965 eut
983 1896 1187 1977 immediata,

210 2011 342 2076 exterrm
356 2002 406 2071 vel
421 2002 567 2070 interna:
585 1999 628 2069 ad
645 2001 745 2070 fidem
760 2000 878 2072 suffieit
894 2005 1047 2074 alterutra
1071 2003 1191 2072 revela·

211 2113 271 2182 tio.
288 2111 322 2180 Si
335 2108 501 2200 quoddam
516 2107 600 2176 toret
611 2107 762 2190 dubium,
781 2109 922 2178 maxime
937 2110 979 2178 de
994 2111 1190 2180 revelatione

209 2218 357 2297 interna3
375 2235 473 2304 porro
486 2213 567 2282 fides
583 2213 696 2282 haberi
712 2227 818 2304 potest
834 2235 872 2282 ex
885 2215 1082 2284 revelatione
1093 2217 1191 2284 inter·
1315 2259 1316 2262 =

206 2325 264 2404 ua,
282 2327 441 2391 et'revera
455 2319 624 2410 Prophetae
634 2319 821 2389 habuerunt
835 2321 934 2388 fidem
949 2321 992 2390 tle
1000 2323 1191 2392 veritatibus

209 2429 335 2498 interna
345 2427 554 2520 inspiratione
570 2424 632 2494 sibi
648 2427 906 2495 communicatis.

251 2535 309 2604 111.
323 2533 598 2624 Proprietates.-
610 2533 766 2617 Quonam
778 2535 902 2620 suerint
913 2535 1135 2621 proprietates
1150 2537 1188 2624 fi·

169 2663 173 2676 ·
209 2644 264 2712 dei
281 2640 553 2730 protoparentis?

249 2751 347 2839 llerp.
371 2749 489 2834 Quoad
504 2745 720 2840 proprietates
745 2747 950 2827 essentiales,
976 2747 1057 2816 fides
1073 2747 1188 2816 adami
1269 2831 1271 2836 Ι

206 2859 322 2928 eadem
337 2855 405 2926 erat
420 2873 494 2946 quae
511 2853 592 2923 fides
606 2855 641 2922 in
657 2863 741 2924 statu
755 2851 887 2921 actuali.
901 2852 1017 2937 Quoad
1037 2855 1195 2922 accidens

204 2959 298 3038 tales,
315 2959 377 3027 sub
389 2968 538 3048 respectu
554 2953 728 3043 objectiva,
740 2962 812 3024 erat
827 2952 935 3022 minus
947 2953 1086 3044 perlecta
1099 2975 1110 3035 ς
1124 2955 1188 3022 sub

205 3076 353 3153 respectu
369 3063 560 3150 subjectivo,
576 3068 680 3148 magis
692 3061 846 3151 perseeta.

200 3193 204 3202 ·
246 3167 365 3252 *Quoto
382 3167 593 3257 proprietates
617 3165 803 3235 essentiales
819 3171 886 3250 (eas
902 3167 1111 3255 exposuimus
1128 3165 1187 3232 ubi

204 3275 409 3359 deDopmute
418 3274 452 3338 in
460 3276 586 3359 penate)
596 3272 712 3342 eadem
724 3282 793 3342 erat
805 3261 1059 3354 fldesndami,si
1071 3271 1188 3339 eadem

202 3380 280 3450 lidei
297 3377 392 3447 luerit
405 3378 563 3460 essentiu;
580 3398 678 3468 porro
695 3400 746 3447 res
758 3376 979 3446 leostanus
992 3378 1080 3445 enim
1096 3376 1184 3453 tidei,

201 3491 235 3558 in
249 3497 553 3579 quoeumquestatu
568 3499 600 3557 et
611 3485 758 3576 subjecto
769 3486 893 3566 existat,
905 3497 953 3554 est
965 3483 1058 3553 firma
1070 3481 1186 3551 mentis

201 3597 346 3665 adhaesio
371 3595 561 3667 veritatibus
584 3597 603 3668 a
626 3595 696 3666 Deo
713 3591 862 3666 revelatis
879 3601 1014 3684 propter
1029 3589 1185 3664 veracita-

201 3710 266 3762 tem
288 3699 441 3764 diuinum.
655 3705 657 3711 ’
1031 3709 1033 3714 ’
