2622 4154
593 422 771 488 ..62-

195 560 348 624 rueris...
382 573 468 618 onus
500 549 642 636 Spiritus
664 551 845 617 Sanetus...
866 548 981 636 ,imopo
1004 547 1081 616 Filii
1098 569 1179 638 per·

195 661 269 746 ferti
281 661 469 746 perfeeto...
493 657 806 741 Trinitosporsertu,
825 675 896 740 qun
909 655 1032 739 piorid,
1049 657 1180 749 uronis

195 777 259 832 tute
275 786 315 830 oo
330 785 429 851 repno
445 784 503 830 nee
520 764 627 832 diuiso
642 774 701 842 est,
714 781 772 830 neo
788 762 946 828 alienato.

240 873 285 938 ΙΙ.
315 869 574 957 confessionibus
590 879 786 954 martyrum.

244 978 280 1042 Ι·
297 979 336 1042 ln
348 977 425 1042 actis
443 984 619 1062 martyrum
633 973 913 1058 Lugdunensium,
932 969 989 1060 qui
1006 973 1179 1060 passisunt

192 1079 258 1151 ‘sub
275 1083 383 1148 Mareo-
405 1082 546 1162 Aurelio,
574 1101 658 1146 annu
689 1079 748 1144 tut
772 1079 891 1164 legitur
917 1078 951 1171 S.
982 1077 1178 1171 Epipodium

194 1188 266 1254 hoec
289 1188 384 1254 verbu
407 1209 515 1254 eorem
537 1184 677 1274 praeside
698 1184 893 1273 protulisse:
915 1184 1080 1252 Christum
1104 1205 1173 1254 eum

194 1295 295 1359 Putre
313 1313 351 1358 oe
364 1295 490 1379 Spiritu
505 1297 624 1358 Samso
642 1291 824 1358 esseDeurn
840 1292 1005 1378 confiteor.

240 1399 277 1466 2⁰
287 1401 320 1470 S.
333 1400 540 1488 polycarpus,
555 1399 625 1486 qui,
640 1412 675 1464 ut
687 1398 731 1464 ait
743 1398 777 1465 S.
788 1399 946 1478 Irenoeus,
963 1425 978 1455 «
993 1417 1059 1464 nou
1070 1395 1180 1465 solium

195 1503 404 1592 obApostoiis
418 1507 551 1573 edoctus
569 1504 695 1586 (iuerat)
707 1516 739 1570 et
749 1509 957 1570 conversatus
974 1521 1047 1569 rum
1064 1501 1178 1568 multis

195 1631 233 1678 ex
249 1611 294 1678 eis
315 1612 370 1699 qui
389 1611 565 1679 Dominum
581 1611 751 1688 vider-unu
769 1611 826 1678 sod
844 1610 939 1677 ctiam
955 1607 995 1673 ub
1011 1605 1174 1694 Apostoiis

119 1767 124 1785 .
192 1713 224 1778 in
235 1714 359 1793 Asiir,in
373 1721 495 1800 etquae
511 1725 560 1780 est
572 1714 716 1798 Smyrnis
733 1712 873 1780 Ecclesiri
885 1707 1173 1796 eonstitutuslipis·

193 1839 308 1907 oopus.
327 1818 416 1900 (Qut)
427 1818 537 1884 docuit
553 1837 683 1905 semper
697 1839 771 1905 quae
784 1818 825 1887 ab
835 1815 991 1906 Apostoiis
1003 1813 1160 1882 diuiserat
1167 1861 1180 1900 ,Α

194 1945 269 2010 quae
278 1937 310 1989 et
318 1923 457 1988 Ecclesia
468 1921 609 2002 tradidit,
624 1924 730 1990 etsola
743 1936 935 1990 suutvera.»
947 1921 1018 2001 Hic,
1029 1920 1177 2007 inquom,

194 2029 226 2094 in
238 2028 383 2094 oratione
408 2049 505 2115 quum
528 2036 603 2095 onte
618 2027 809 2116 martyrium
825 2027 921 2107 fudit,
940 2029 1067 2095 Putrem
1080 2035 1180 2094 aeter·

193 2152 274 2198 num
295 2133 340 2202 sie
357 2133 544 2222 compellat:
568 2136 747 2219 Propterea
757 2145 786 2199 et
797 2135 837 2199 de
848 2132 998 2199 omnibus
1021 2142 1050 2196 te
1063 2129 1176 2209 laudo,

153 2246 156 2250 '
196 2247 225 2304 te
243 2237 404 2318 benedico,
429 2250 457 2304 te
478 2241 623 2328 ptorifieo
636 2260 699 2325 per
725 2241 957 2326 sempiternum
984 2238 1177 2326 Pontificem

195 2343 306 2410 iesum
324 2339 499 2425 Christum,
522 2347 674 2412 dilectum.
687 2345 806 2413 Filium
823 2357 925 2427 turem,
939 2367 1002 2432 per
1014 2365 1108 2430 quem
1120 2343 1181 2412 tibi

194 2467 267 2514 eum
287 2449 362 2534 Ipso
387 2450 423 2516 in
447 2450 573 2535 Spiritu
592 2450 711 2518 Sancto
727 2453 836 2538 ptorio
851 2471 937 2518 nuno
959 2461 990 2518 et
1012 2451 1047 2517 in
1063 2451 1179 2535 futuru

193 2557 312 2625 serula
336 2558 541 2625 secutorum.
558 2554 672 2624 Arnen.
702 2557 812 2645 (Apud
837 2556 956 2626 Euseb.
970 2555 1036 2623 Μ
1059 2555 1176 2626 histor.

105 2718 109 2722 .
196 2679 227 2726 e.
251 2659 329 2744 15.)
480 2661 481 2666 ’

239 2766 304 2833 111.
329 2767 534 2837 Testimouiis
553 2767 610 2835 SS.
627 2770 777 2836 Petrum.

238 2875 480 2944 Saeculoioe-
500 2879 534 2945 S.
566 2876 715 2946 Clemens
731 2879 829 2967 Papo,
849 2897 902 2969 ep
919 2875 990 2943 tad
1002 2873 1106 2966 Corn
1122 2821 1192 2942 Ari*

191 2999 368 3047 nottttnttttt
381 2983 486 3049 Deum
501 2983 668 3064 liniemus,
683 2996 712 3050 et
724 3005 825 3051 urruns
837 2984 1014 3063 cortuum,
1030 2992 1060 3049 et
1072 2999 1176 3047 unum

174 3111 178 3116 ·
191 3083 351 3170 Spiritum
363 3090 479 3172 protice
494 3109 529 3152 ιιι
535 3087 631 3162 Ιιιοῠιι
642 3091 859 3175 insusumi-
871 3091 906 3161 S.
916 3084 1178 3176 Ignotiummur·

193 3200 271 3278 tyr„
283 3189 315 3256 iu
329 3211 381 3279 ep.
396 3192 436 3258 od
447 3192 544 3280 Spin:
557 3192 685 3262 Studete
697 3208 732 3262 ut
747 3195 982 3318 confirmemini
997 3196 1032 3264 in
1043 3196 1183 3282 dopmn-

193 3294 278 3363 tibus
294 3297 430 3364 Domini
450 3311 480 3365 et
501 3299 743 3385 Apostolorum,
770 3314 806 3369 ut
833 3301 945 3370 omnio
965 3321 1036 3388 pute
1056 3300 1181 3386 facitis,

187 3405 350 3490 prosperi
362 3403 453 3472 vobis
468 3405 643 3474 suecedent
663 3427 764 3476 earne
779 3419 817 3474 et
823 3410 956 3495 spiritu,
972 3408 1038 3496 fide
1053 3415 1084 3472 et
1099 3406 1181 3472 eisn-

175 3509 287 3577 ritate
300 3508 440 3594 inFitio,
464 3523 494 3578 et
513 3514 631 3595 Putre,
662 3525 691 3602 et
714 3515 841 3601 Spiritu
855 3514 1019 3590 Sancto...
1021 3511 1182 3598 Subjecti

191 3625 286 3682 estote
299 3619 461 3706 Episcopo
470 3631 500 3686 et
515 3619 606 3689 nobis
620 3625 745 3703 mutuo,
758 3621 897 3690 inlesus
913 3621 1060 3689 Christus
1076 3618 1180 3686 Patri

190 3723 365 3891 reeupgtun
381 3745 522 3804 carrion,
540 3738 569 3792 et
583 3727 751 3816 Apostoli
750 3729 877 3827 Christo
894 3740 925 3799 et
943 3727 1041 3796 Patri
1055 3736 1086 3830 ot
1099 3705 1184 3816 Sps

191 3820 272 3889 ritui
311 3836 418 3894 uncto.
