2622 4154
521 161 698 239 ...πό-

152 317 339 407 propositio
359 317 567 402 schismatico
589 329 637 382 est
663 338 717 382 ott·
734 337 807 402 quac
834 315 918 381 rium
949 315 1097 384 scissioni

109 427 240 494 unitatis
259 422 423 507 *Ecclesiae
454 424 566 515 operit.
597 423 735 503 Proinde
753 423 979 512 ‘schismaticae
996 435 1095 517 punt:

21 505 23 552 t
112 537 143 600 i.
165 525 409 620 propositiones
437 521 556 616 quibus
585 531 696 596 fideles
724 531 764 596 ab
796 511 980 598 obedientii
1001 553 1098 623 supe·

21 661 22 664 ’
110 641 256 708 'rioribus
270 637 495 704 ecciesiasticis
513 637 634 716 debite,
653 621 689 703 ac
706 635 920 724 praecipueii'.
934 635 1095 715 Pontifici,

21 755 23 762 ’
115 749 215 814 totius·
236 745 374 812 uincatis
398 729 521 823 centro,
544 747 775 824 removentem
790 745 833 810 ’Ὡς
853 738 1098 832 ¹propositiones

122 855 233 941 quibus
255 858 434 935 negaretur
465 853 500 918 tt.
522 851 710 918 Pontificem
738 845 928 939 csse'caput
950 849 1099 917 Eccie'sirc

123 971 152 1028 et
170 960 285 1026 Christi
296 958 463 1030 vicaritun,
484 959 546 1044 ipsi
563 959 669 1026 inesse
688 955 878 1046 potestatem
895 959 983 1043 leges
996 955 1100 1043 eccie-

126 1069 260 1134 siasticas
297 1065 442 1141 ferendi3
472 1063 504 1128 5.
534 1067 768 1152 propositiones
800 1067 921 1151 quibus
949 1067 1099 1150 legitimis

131 1174 305 1238 iactatibus
325 1173 541 1255 denegaretur
563 1174 768 1250 obedientia,
787 1173 862 1238 licet
884 1173 1009 1260 absque
1034 1171 1100 1240 ulle

144 1277 310 1342 exclusione
323 1279 517 1344 auctoritatis
538 1279 614 1365 ipsis
631 1287 649 1342 a
667 1279 792 1344 Christo
810 1299 984 1344 concessae.

178 1385 341 1470 Propositin
352 1386 552 1450 schismatica
565 1385 875 1467 dieitursimplicitcr
884 1385 1101 1459 schismatico,

132 1491 253 1574 quattub
269 1491 391 1555 nuliam
408 1491 544 1556 includit
567 1491 739 1567 baercsim3
762 1487 860 1576 bujus
877 1488 1005 1572 generis
1027 1497 1102 1554 sunt

127 1599 356 1684 propositiones
382 1594 423 1660 ὅθ’
440 1597 511 1664 loco
529 1597 649 1664 roiatae.
668 1597 744 1668 Aliae
760 1599 795 1662 {⁰
808 1610 840 1662 et
857 1597 893 1662 2⁰
916 1595 986 1662 ioco
1002 1616 1102 1682 crpo-

126 1702 188 1768 sitae
200 1716 276 1768 sunt
288 1704 678 1783 scitirmutioo·lrtcrcticoe,
690 1696 765 1790 quia
781 1717 812 1770 ct
825 1703 962 1772 schisma
976 1723 1102 1790 promo-

125 1825 193 1876 vent
209 1824 241 1876 et
259 1809 409 1876 baeresim
426 1811 603 1876 continent.

165 1917 348 2004 propositio
365 1918 520 1981 seditioso
537 1937 573 1982 ea
595 1925 643 1981 est
666 1937 739 2002 quae
755 1917 796 1982 ab
816 1917 1000 1984 obedientia
1017 1920 1104 2006 prin»

123 2023 247 2110 cipibus
265 2023 412 2088 etvitibus
441 2023 548 2094 debita
566 2033 803 2102 sternutabant
824 2024 865 2090 ad
891 2025 1048 2092 tumuitus
1071 2027 1104 2090 iu

21 2127 23 2136 ’
121 2128 289 2215 republica
307 2129 668 2194 excitandoscentiucit.
717 2169 719 2172 -

21 2299 22 2306 ,
163 2234 347 2320 Prepesitio
366 2233 553 2318 biospltrmu
570 2223 605 2300 co
630 2248 678 2302 cst
700 2249 900 2322 quocontra
918 2237 1037 2314 Deum,
1055 2237 1105 2302 vci

21 2325 23 2366 ²
119 2341 154 2407 Β.
174 2340 356 2424 Virginem,
373 2356 432 2405 aut
448 2343 593 2420 Sanctus,
608 2357 663 2408 out
680 2365 730 2409 res
743 2365 851 2410 sacros
866 2343 1015 2430 iujuriam
1032 2365 1106 2408 con·

119 2450 217 2522 tinet,
234 2448 300 2512 sire
313 2447 374 2513 iilis
391 2452 546 2534 qttosdam
566 2451 757 2532 denegando
773 2451 1014 2536 perfectiones,
1038 2451 1104 2512 siro

119 2555 185 2620 iliis
202 2554 362 2620 indebitus
379 2555 552 2620 tribuendo
569 2571 690 2630 uaevos,
717 2555 782 2618 sive
800 2555 861 2618 iliis
889 2554 1105 2620 desiderande

120 2675 180 2726 aut
200 2660 408 2748 imprecando
423 2659 544 2724 malum
557 2658 605 2722 rei
624 2659 798 2722 carentiam
816 2655 953 2742 aiicujus
970 2657 1060 2720 boui.

168 2769 464 2855 Propositicimpiu
488 2787 523 2832 ea
550 2777 598 2830 est
619 2785 692 2851 qum
714 2763 860 2830 debitum
878 2765 946 2832 Deo
968 2762 1104 2841 cultum,

124 2875 234 2941 debita
260 2876 447 2962 parentibus
471 2881 502 2941 et
530 2873 798 2958 consanguineis,
822 2873 1045 2960 superioribus
1073 2895 1111 2940 ac

124 2979 389 3047 benefactoribus
417 2979 595 3060 bonorem,
622 2978 777 3066 obsequia
813 2981 1109 3070 gratitudinemque

126 3088 302 3153 auscitani
318 3088 496 3154 imminuit.

172 3194 240 3260 Sub
253 3168 347 3260 titulo
364 3197 403 3262 dc
420 3195 538 3261 Marcii
551 3195 584 3260 iu
600 3215 716 3281 pertore
734 3207 846 3280 agetur
864 3195 904 3264 dc
925 3197 1109 3264 moralitate

131 3297 268 3369 iormaii.
