2710 4116
502 199 704 269 -251-

110 339 329 426 virginitatem
348 363 411 408 nou
430 340 535 414 amisit
551 365 611 418 neu
627 356 868 438 antepartum,
887 349 962 422 lsai.
981 347 1014 430 7,
1031 347 1092 420 ib:

108 446 194 515 Eece
209 447 302 534 Virpo
314 449 486 534 concipiet;
501 471 562 520 neo
578 450 613 516 ia
626 464 731 539 partu,
741 451 977 542 symb.hpost.:
993 455 1097 522 Notas

108 575 152 620 en
168 553 279 620 Marici
295 553 425 642 ¹b'irpine
441 562 603 640 (manente
618 557 752 646 virgine)
765 580 774 637 3
789 579 849 626 nen
862 570 937 644 post
953 573 1093 648 partum,

111 659 159 728 ait
189 660 277 726 enim
305 660 429 730 Concil.
457 661 669 730 Chalcedone
704 663 1096 756 Virginitatemhioriorb

111 767 242 845 Christo
259 763 426 836 sacratarn
448 790 515 836 esse
530 770 627 835 etiarn
643 780 718 855 post
739 781 889 856 parturn,
907 765 1096 858 uterumque

106 873 182 958 ejus
194 872 298 958 [nisse
312 873 529 960 obsipnatnm,
544 884 579 942 ttt
594 866 716 941 nubtias
729 865 860 962 injuria
873 863 1093 963 indipateret.

104 980 302 1061 Aliundbnb
317 978 456 1050 hortesis
472 982 652 1072 appellatur
667 983 760 1069 oirpo
778 985 847 1052 sine
863 985 987 1053 addito.
1064 1053 1066 1058 ,

155 1165 211 1246 ΙΙΙ.
225 1163 326 1246 Adam
348 1165 460 1232 hahuit
476 1165 635 1238 elementa
652 1171 752 1234 status
767 1163 1096 1235 in'nooentiaeontrin·

106 1273 350 1351 secessoiiieet,
368 1273 598 1340 habitationem
615 1275 648 1340 in
661 1275 835 1360 paradiso,
853 1275 1095 1359 dontinitnnjn-

104 1379 158 1444 ris
175 1387 205 1442 et
217 1379 298 1462 sacti
310 1377 344 1443 in
358 1387 528 1444 creaturas
548 1373 735 1446 exteriores.
875 1387 877 1392 '
990 1377 993 1388 ⁴

155 1481 206 1549 De
222 1482 422 1549 habitatione
437 1484 471 1551 in
481 1483 641 1568 paradiso
658 1482 738 1549 nihil
750 1482 938 1550 dicendum.
958 1481 1096 1552 Eridens
1125 1514 1134 1525 ·

109 1601 163 1657 est
174 1588 263 1660 enim
280 1588 441 1657 Christum
459 1589 521 1656 hoe
537 1588 703 1678 privilegio
720 1589 879 1678 privatum
892 1587 1004 1656 fuisse.

155 1788 241 1852 Quaen.
261 1784 358 1839 Utrt'ttn
374 1787 496 1838 christos
508 1787 663 1838 dominium
677 1785 802 1838 hahuerit
816 1787 848 1837 tn
861 1797 904 1836 rer
923 1781 1050 1837 oreatus?

152 1933 254 2018 Resp.
273 1931 308 1998 i⁰
321 1931 355 1998 ln
372 1927 1098 2016 ordinenatarat-Christushabuitquod·
1215 2017 1217 2020 Ι

108 2041 186 2109 dnm
204 2037 386 2105 dominium
409 2037 570 2106 exceliens
596 2050 627 2103 et
646 2038 822 2124 quemdam
847 2048 1037 2126 potestatem
1062 2035 1096 2102 in
1150 2083 1155 2088 -

106 2127 227 2215 ‘omnes
242 2150 442 2226 reserentes,
461 2143 540 2210 etin
556 2143 698 2210 actiones
715 2142 885 2210 hominum
912 2152 944 2208 et
959 2139 1096 2233 Angelm

112 2275 199 2322 rum.
480 2239 483 2244 ’
546 2255 548 2258 ’
631 2241 639 2248 ”
1024 2243 1027 2250 “
1083 2337 1087 2340 ι

159 2363 256 2432 Proh.
272 2363 318 2430 tt.
337 2361 404 2432 Hau
421 2360 603 2429 dominium
619 2357 734 2424 habuit
747 2357 903 2438 christoe,
919 2357 988 2424 siin
1002 2376 1041 2422 eo
1056 2357 1098 2420 sit

113 2463 278 2558 possibile,
296 2469 323 2536 si
341 2465 503 2536 Christum
517 2464 683 2562 perficiat,
701 2483 762 2528 nec
783 2473 941 2550 repugnet
961 2459 1097 2534 iunctio·

110 2573 209 2644 nibus
234 2575 441 2666 reparatoris.
467 2571 561 2660 htqni
587 2572 620 2637 t.
644 2567 798 2658 possibile
815 2575 863 2634 est
885 2567 917 2631 in
944 2564 1093 2642 Christo;

108 2685 201 2754 Deus
218 2684 304 2752 enim
317 2682 421 2772 potuit
437 2679 516 2746 illud
530 2677 589 2766 ipsi
603 2673 794 2744 concedere.
806 2675 841 2740 2.
857 2671 1096 2739 humanitatem

110 2787 231 2856 Christi
247 2788 383 2878 perficit,
403 2785 448 2852 illi
460 2785 567 2852 omnin
581 2779 796 2870 subjiciendo.
812 2779 845 2846 5.
860 2778 929 2848 Non
941 2787 1098 2866 repugnat

106 2895 333 2963 functionibus
358 2893 564 2982 reparatoris.
592 2889 749 2978 Equidem
772 2886 916 2954 Christus
941 2884 982 2950 nd
1008 2902 1098 2970 repu-

105 2991 1099 3088 randumhominemuoluitpraebereexemplumpaupertntis,

106 3110 170 3180 sed
186 3110 228 3178 ad
245 3109 333 3178 huno
347 3107 445 3174 finem
463 3105 627 3174 sufficiens
648 3103 709 3170 init
727 3101 862 3191 privatio
884 3097 1018 3172 dominii
1035 3109 1098 3166 ter-

107 3213 194 3294 rani,
220 3213 403 3304 splendoris
433 3213 556 3284 externi
583 3218 614 3278 et
638 3207 845 3276 abundantiae
870 3205 1098 3296 temporalium

110 3341 240 3392 rerum.

155 3426 258 3493 Proh.
277 3426 405 3494 Mat.
424 3423 481 3512 hp.
503 3423 557 3503 to,
577 3421 643 3487 56:
673 3418 881 3490 hiemantibus
909 3435 1023 3502 paoem
1037 3433 1098 3500 per

110 3533 221 3602 Iesum
234 3534 396 3602 Christum
415 3533 476 3614 thio
493 3543 538 3598 ost
555 3531 697 3597 omniurn
718 3525 928 3606 Dominnsth
950 3520 1023 3596 Cor.
1041 3517 1095 3596 tn,
