2710 4116
569 215 573 224 “
577 220 715 296 tet
736 261 777 278 -

237 373 286 444 2⁰.
304 362 422 440 liberti
437 387 551 457 mgna.
571 372 741 438 Peccatum
758 366 914 454 originale
932 379 980 436 est
1005 369 1172 480 peccatam

192 483 319 550 actuale
333 479 445 546 Adonai
462 477 659 560 extrinsecus
677 475 813 564 posteris
830 473 1036 562 imputatum

238 587 286 654 5⁸.
297 585 499 652 Tertulliani
512 585 680 651 Peccatum
692 581 848 665 originale
859 589 908 648 est
921 584 1172 668 peceatumldae

192 693 309 762 atrimae
326 703 529 780 posterorum
546 709 604 776 per
620 687 861 772 generationem
879 688 1095 774 spiritualem,
1115 713 1172 758 seu

191 800 375 866 extraduce
393 793 603 862 translatum.
615 795 667 860 Sie
684 792 879 880 explicatur:
895 793 1017 861 Animae
1030 795 1173 864 filiorum

191 925 229 972 ex
251 906 357 970 anima
376 903 472 992 patris
489 901 662 966 trahuntur
682 901 960 988 quemadmodem
983 923 1172 988 excerpere

191 1013 290 1101 patris
310 1029 427 1097 eorpus
450 1005 520 1073 lilii.
545 1007 683 1072 Proinde
710 1027 747 1072 ex
772 1007 880 1072 anima
899 1006 1009 1074 Adami
1035 1017 1164 1094 peceato

188 1117 295 1183 vitiata
317 1116 458 1183 nascitur
485 1121 690 1201 posterorum
716 1113 822 1180 anima
846 1125 979 1202 peceato
998 1113 1091 1200 patris
1116 1113 1163 1178 iu-

192 1221 289 1290 ieeta.

180 1401 182 1404 ,
234 1329 283 1396 lt.
303 1325 975 1416 lllyrieictqnorumdamLutlteranorum.
1001 1285 1172 1394 Peccatum

189 1431 887 1520 originaleestsubstantialisimagodiaboli
900 1432 953 1498 Sic
967 1433 1169 1520 explicatur:

174 1541 317 1609 llomini
330 1539 466 1606 naturali
481 1541 513 1604 in
527 1539 683 1627 principio
697 1539 804 1604 addita
823 1538 1068 1606 suitsubstantia
1083 1557 1171 1627 quae·

190 1645 265 1714 dam
286 1637 541 1735 supernaturalis
558 1652 623 1734 qud
648 1643 848 1712 efficiebatur
871 1645 969 1710 ltomo
988 1641 1095 1730 inrogo
1111 1646 1171 1711 Dei

140 1803 141 1808 η
188 1767 220 1822 et
232 1773 330 1841 capax
345 1753 475 1819 visionis
493 1753 668 1831 intuitieae3
684 1752 753 1818 lraee
766 1751 943 1818 substantia
957 1751 1016 1819 luit
1030 1774 1088 1841 per
1102 1753 1169 1819 dia·

189 1857 302 1925 bolum
319 1866 527 1924 transmutata
543 1860 573 1924 in
585 1881 679 1925 suam
695 1859 884 1943 imaginem.

233 1963 282 2030 δ’.
307 1964 495 2032 Communis
520 1966 790 2041 Lutlteranorunt.
811 1965 982 2036 Peccatum
1008 1965 1169 2050 originale

188 2069 267 2138 nihil
285 2072 372 2139 aliud
390 2079 546 2159 estqnam
561 2054 757 2138 inordinatio
775 2071 990 2160 potentiarum
1009 2072 1166 2154 (intellec-

101 2241 103 2247 ι
188 2181 251 2257 tite,
271 2177 454 2259 voluntatis,
470 2184 545 2260 etp.)
562 2170 706 2266 quam'in
719 2173 812 2244 nobis
825 2179 1007 2266 experimur
1023 2189 1161 2262 etquam

188 2269 361 2350 Lutlterani
378 2285 540 2373 appellant
549 2284 695 2372 fomitem
710 2287 984 2370 concupiscentiae.
1078 2315 1083 2322 =

232 2389 281 2456 6⁸.
304 2389 444 2476 Magistri
467 2393 714 2459 sententiarum.
743 2395 924 2459 Peccatum·
940 2391 1097 2479 originale
1117 2399 1168 2457 est

182 2495 323 2583 qualitas
349 2499 498 2584 quaedam
528 2506 652 2566 naturae
669 2508 829 2588 corruptae
845 2499 1021 2566 inhaerens.
1041 2497 1093 2570 Sic
1114 2517 1176 2579 ex·-

187 2601 340 2690 plicatur:
357 2590 526 2671 Peccatum
540 2619 588 2672 est
601 2605 765 2672 inclinatio
777 2606 816 2672 ad
829 2619 992 2672 creaturas
1006 2629 1014 2684 ;
1029 2606 1105 2674 inde
1118 2628 1170 2671 vo·

185 2707 416 2776 luntaslldami
437 2709 496 2777 suit
516 2733 574 2799 per
590 2727 755 2798 peceatum
775 2711 889 2779 iniecta
908 2712 1060 2798 qualitate
1077 2713 1169 2778 ineli-

184 2827 282 2882 nante
297 2814 337 2879 ad
354 2829 547 2882 ereaturam.
572 2806 614 2881 lix
632 2818 691 2884 hac
709 2817 916 2884 inclinatione
934 2816 1093 2884 transfusa
1117 2832 1169 2884 est
1189 2821 1198 2828 ’

187 2917 220 2985 in
242 2940 360 3007 corpus
384 2920 497 2987 ddami
515 2921 664 3008 quaedam
689 2924 826 3010 qualitas
837 2925 985 2993 morbida
1003 2938 1089 3012 qttae,
1110 2931 1170 3012 'per

79 3087 81 3095 g
184 3024 449 3110 generationem,
471 3025 600 3114 corpori
623 3031 1056 3126 posterornmintanditura
1080 3033 1170 3098 unde

183 3128 346 3198 redundat
359 3129 393 3198 iu
421 3132 561 3199 animam
585 3133 749 3203 inclinatio
774 3139 814 3204 ad
831 3147 1008 3206 creaturas.
1028 3140 1102 3204 Hace
1119 3139 1169 3204 in-

183 3236 313 3306 clinatio
329 3238 446 3308 animae
462 3253 510 3309 est
535 3243 748 3312 essentialiter
765 3257 932 3332 peceatum
950 3244 1140 3330 originale
1132 3265 1164 3310 m

184 3365 235 3424 εις
253 3346 390 3432 qualitas
407 3357 483 3415 vero
500 3350 648 3416 morbida
675 3352 819 3438 corporis
838 3360 886 3418 est
903 3363 1085 3476 peecatum
1103 3353 1170 3416 ori·

87 3516 91 3526 ἢ
158 3518 159 3526 q
184 3447 290 3528 grnale
303 3453 488 3520 causaliter

34 3747 119 3864 h

230 3547 399 3645 Catholici
410 3566 519 3624 autem
550 3563 766 3628 communiter
794 3563 969 3630 admittunt
996 3569 1171 3652 peecatum
