2708 4122
622 217 667 234 --
690 180 755 252 uit
768 183 824 234 '-

227 325 309 412 Ergo
326 321 424 390 horno
446 331 494 388 cst
514 337 612 408 capax
628 322 748 390 meriti.
771 319 806 390 i.
832 319 933 392 Cone.
950 317 1040 389 Trid.
1063 341 1147 393 sesa.
1170 324 1209 405 δ’,

227 429 382 500 nonme:
397 427 433 496 st
447 426 520 516 quir
535 427 655 496 dicerit
670 429 810 496 ltomirtir
819 429 993 518 justificati
1007 427 1094 496 dono
1105 451 1212 516 opera

226 537 274 605 ild
285 557 352 604 erre
367 537 455 602 dono
473 535 546 617 Dei,
564 545 600 602 ut
614 555 680 604 nort
696 535 873 603 rintctiorrt
891 534 977 603 bonu
992 535 1095 624 ipriur
1106 538 1209 622 justi·
1330 597 1331 640 p

224 643 316 734 ficati
328 642 488 710 merito...
502 641 678 709 unctione
689 641 743 708 rit.

279 749 318 816 pt
346 747 451 840 Capax
477 745 582 814 meriti
611 743 884 835 supernaturalis:
911 746 999 814 lnird
1018 747 1214 837 probabitur

228 851 378 920 liomincs
388 850 610 939 possemereri
620 849 777 938 quasdam
788 851 918 938 gratias,
933 851 1030 918 vitam
1041 863 1209 934 eternam,

229 972 304 1043 quse
323 952 493 1022 runtbona
509 954 780 1041 supernaturalia.

275 1055 312 1122 δῖ’
330 1056 464 1124 Ratione
479 1057 610 1140 gratias:
639 1055 810 1144 liquidem,
828 1055 953 1144 absque
969 1057 1086 1142 gratia,
1113 1058 1203 1124 homo

229 1175 335 1254 potest
351 1161 468 1230 mereri
486 1161 527 1228 in·
539 1163 653 1230 ordine
676 1163 835 1243 naturam
863 1182 929 1228 non
945 1171 1024 1230 vcro
1041 1164 1076 1229 in
1099 1165 1208 1232 ordine

229 1267 480 1362 supernaturali,
500 1269 660 1356 siquidem
678 1268 760 1336 actio
782 1269 874 1335 mere
894 1269 1049 1337 naturalis
1074 1291 1141 1338 non
1166 1283 1213 1340 est

229 1377 494 1466 proportionoata
515 1376 659 1444 mercedi
675 1373 927 1464 supernaturali.

611 1537 651 1606 iit·
662 1552 830 1618 nspttootto.

274 1699 350 1768 'iria
374 1713 584 1792 quaeruntur:
608 1701 644 1765 l⁰
664 1699 759 1789 cujus
785 1699 890 1767 meriti
914 1698 1014 1768 homo
1041 1698 1083 1768 sit
1099 1721 1212 1791 capax,

229 1805 269 1874 2⁰
286 1825 437 1893 quaenam
451 1805 727 1874 sintconditiones
741 1804 912 1884 meriti‚.5⁰
927 1803 1094 1892 quodnam
1107 1807 1149 1873 sit
1161 1806 1214 1872 ob·

227 1910 352 2004 jectum
370 1911 488 1988 meriti,
501 1929 573 1989 sen,
584 1927 736 1996 numam
749 1909 834 1978 bona
846 1911 1105 2000 supernaturalia
1116 1912 1212 1980 homo

230 2011 332 2101 possit
347 2011 491 2080 mereri‘l

278 2118 403 2202 Quaest.
424 2119 473 2184 1¹.
493 2119 591 2204 enjus
602 2118 710 2188 mmitt‘
720 2119 813 2196 leonto
830 2122 872 2189 eit
884 2123 1015 2209 copon?

276 2223 375 2309 llerp.
394 2224 430 2292 1⁰
456 2225 560 2294 llomo
576 2242 641 2296 non
662 2235 719 2294 est'
733 2248 833 2317 capax
857 2229 962 2296 meriti
990 2231 1032 2298 de
1050 2229 1211 2317 conclipno

230 2333 393 2422 riporero.
412 2333 505 2401 Nulla
521 2334 848 2426 est‘enimproportio
866 2336 1010 2424 rigorosa
1022 2335 1108 2405 inter
1125 2346 1215 2406 actua

232 2439 376 2510 loomiois
389 2453 422 2508 et
433 2441 618 2509 mercedem
635 2441 928 2531 supernaturalem.

226 2597 230 2604 ·
278 2547 317 2616 2⁰
344 2548 449 2614 ilomo
477 2561 526 2616 cst
542 2569 641 2636 caper
657 2549 762 2616 meriti
779 2550 819 2614 de
834 2549 994 2635 condique
1012 2547 1214 2638 simpliciter.

232 2654 312 2723 llam
329 2654 361 2720 l.
378 2654 479 2735 Deus,
496 2654 869 2744 utiniraprobabimus,
899 2654 1097 2745 quibusdam
1113 2657 1215 2724 actio·

234 2761 332 2828 nibus
355 2759 505 2848 promisit
530 2761 714 2828 mercedem
738 2759 1040 2850 supernaturalem
1059 2781 1159 2850 porro
1176 2781 1215 2828 ex

232 2865 449 2956 promissione
466 2867 574 2934 divini
588 2867 797 2954 sequiturjus
810 2867 955 2934 strictum
971 2867 1013 2934 nd
1031 2867 1217 2934 mercedem

234 2975 440 3062 promissam.
453 2973 487 3041 ἓξ
499 2976 530 3040 ll
541 2973 626 3043 Tim.
641 2975 677 3055 l,
690 2973 728 3040 8:
739 2975 778 3042 ils
788 2976 913 3062 reliquo
924 2975 1124 3062 reposituest
1136 2975 1219 3042 milti

235 3097 360 3146 rorone
371 3081 519 3164 justitie,
540 3082 766 3168 puumreddet
781 3082 862 3150 milri
873 3081 1034 3150 Dominus
1048 3083 1084 3148 in
1096 3083 1156 3149 illd
1167 3083 1220 3152 dte

229 3181 340 3269 jrtrlur
349 3185 467 3268 judee.
485 3187 583 3254 liebr.
599 3186 632 3268 6‘,
645 3188 707 3254 ld:
724 3187 795 3256 Non
810 3188 896 3254 enim
904 3198 952 3256 ert
963 3189 1103 3273 injustus
1116 3189 1217 3266 Dntr,

234 3299 271 3360 ttt
286 3289 495 3358 obliuiscetur
505 3291 613 3382 operis
624 3294 735 3361 uestriss
750 3291 831 3380 Ergo
853 3293 952 3362 homo
963 3308 1010 3362 est
1020 3315 1119 3384 capax
1132 3313 1215 3362 mer-

237 3397 325 3464 cedis
342 3417 439 3485 quam
457 3399 545 3464 Deus
561 3398 684 3466 ltomioi
698 3412 825 3466 tenetur
835 3400 1026 3480 concedere,
1045 3401 1074 3466 vi
1084 3399 1216 3487 justitiae

237 3519 327 3577 suoe3
345 3522 435 3587 crgo.
454 3501 487 3568 5.
503 3503 625 3570 Concil.
644 3501 733 3574 trid.
760 3521 840 3576 sest.
864 3506 898 3591 o,
918 3527 989 3580 ceu.
1006 3507 1069 3577 δῖε
1093 3507 1129 3576 St'
1144 3507 1226 3594 quia
