2622 4154
591 387 789 484 n-to-

208 541 273 596 trec
288 539 363 594 suut
374 547 522 612 perteue
534 530 703 608 distinete,
725 529 841 594 scilieet
853 531 963 608 Peter,
984 533 1096 608 Filius,
1113 532 1190 618 Spi-

209 637 293 700 ritus
308 633 462 713 Sanctum
481 655 630 722 peracute
656 639 796 721 eaproter
827 637 951 722 tibique
979 639 1194 708 cousubstan-

212 743 318 808 tiales.

257 845 403 911 Dicimus
423 846 457 910 l⁰
472 866 643 930 perronae:
660 845 799 910 Persona
822 853 932 910 autem
949 846 979 910 in
1003 867 1125 930 genere
1147 863 1194 916 cst

209 953 393 1019 substantia
408 953 596 1031 rationalis,
624 951 796 1017 ittdt'et'drta
819 963 848 1016 et
868 954 920 1018 stri
929 954 1032 1036 jurio.
1046 993 1094 1004 -
1107 956 1193 1022 Sub-

213 1059 326 1125 stanua
341 1082 349 1124 ε
366 1060 456 1144 quod
482 1057 586 1124 existit
609 1059 641 1124 in
666 1079 714 1136 se,
728 1067 760 1124 et
776 1059 901 1124 substat
918 1062 1194 1148 proprietatibus;

211 1185 258 1216 -e
274 1165 457 1231 rationalis:
477 1165 601 1232 ratione
622 1166 779 1254 proedlta3
798 1201 843 1216 -
871 1164 1055 1232 individua:
1084 1170 1196 1254 singu-

215 1267 304 1350 laris,
324 1271 604 1359 particularis;·-
620 1271 767 1358 suijuris
783 1295 791 1335 :
810 1269 984 1356 completa,
997 1277 1015 1336 ai
1027 1273 1118 1338 nullo
1134 1274 1203 1341 alic

215 1371 397 1455 terminata,¹
414 1393 446 1444 ct
462 1399 535 1465 quoe
552 1378 598 1444 sic
621 1391 790 1444 conservat
810 1377 992 1442 dominium
1010 1393 1041 1444 et
1058 1379 1196 1444 attribu-

107 1513 112 1522 ·
216 1485 337 1550 tionem
354 1486 579 1572 operationum
590 1492 622 1550 et
634 1484 924 1550 modificationem.
937 1484 1003 1550 lloc
1012 1483 1203 1550 charactere

216 1609 273 1656 cns
289 1591 446 1658 rationale
462 1591 668 1658 constituitur·
681 1611 817 1676 persona
830 1587 887 1672 (l).
1003 1647 1012 1679 l

262 1691 409 1764 Dicimus
422 1699 460 1762 2⁰
474 1699 735 1775 distinetoersem
750 1715 889 1782 quarum
903 1715 962 1760 unc
980 1713 1042 1758 uon
1056 1699 1104 1758 est
1116 1691 1203 1758 alia(

262 1800 411 1870 Dicimus
441 1802 478 1866 5⁰
495 1805 649 1888 'equales
678 1814 707 1867 ot
731 1803 1042 1870 ectrsubstanticles:
1064 1785 1197 1878 idest,

220 1927 319 1975 uuam
337 1909 552 1994 eamdemque
573 1909 634 1973 sibi
648 1929 857 1974 communem
875 1907 1031 1974 habentes
1047 1907 1203 1973 substan·

222 2017 299 2084 tiam
317 2016 460 2081 divinam
475 2015 640 2082 identitate
651 2019 829 2084 numerica.
847 2019 926 2083 Tres
941 2027 1089 2082 nousunt
1100 2035 1205 2100 uuum

221 2122 388 2190 identitate
404 2123 610 2190 solummodo
627 2124 789 2214 specilieti,
813 2125 854 2191 ic
872 2131 907 2189 ui
919 2125 983 2189 sint
1002 2137 1066 2190 tres
1079 2135 1207 2187 naturae

224 2227 341 2296 diuinae
351 2253 360 2310 ;
379 2230 437 2296 sed
450 2231 614 2298 identitate
628 2232 804 2308 nemerici,
819 2231 862 2296 ita
880 2238 915 2296 ut
931 2231 1034 2295 tribus
1055 2229 1207 2316 persenis

224 2338 289 2402 une
304 2345 336 2402 ei
351 2349 414 2403 tota
429 2336 610 2404 communis
626 2339 666 2404 sit
687 2352 801 2404 natura
819 2337 924 2402 divina
943 2337 999 2417 (ἲ).

271 2443 457 2510 Trinitatem
483 2465 695 2532 personarum
724 2444 756 2509 in
780 2445 849 2508 Deo
876 2455 994 2526 negant
1021 2441 1142 2507 Judaei.
1162 2476 1205 2488 -

226 2552 379 2632 littores,
406 2551 525 2640 quibus
555 2553 641 2641 apud
672 2551 869 2617 Christianos
893 2551 1119 2635 impugnatum
1146 2543 1205 2610 luit

228 2657 467 2725 sanctissimum
481 2657 643 2744 Trinitatis
667 2656 870 2750 mysterium,
894 2655 933 2721 ad
951 2653 1112 2742 triplicem
1129 2651 1210 2718 elas·

1295 2724 1308 2774 ἐ·
1295 2624 1308 2692 -ἇὶ
1298 2499 1309 2562 H?
1298 2432 1309 2454 -”
1299 2388 1309 2420 s-
1306 2335 1309 2344 -
1308 2279 1310 2293 ,

1294 2827 1307 2884 't

262 2911 296 2974 (l)
311 2914 364 2964 iloc
380 2913 499 2964 verbum:
507 2925 637 2974 persono.
649 2912 727 2974 quale
739 2912 776 2962 sic
789 2907 946 2974 generaliter
961 2903 1091 2962 mifinuur,
1103 2913 1214 2952 sensum
1293 2943 1307 2988 τι

230 2990 310 3040 habet
322 2993 512 3054 incompletum,
524 2997 550 3039 et
564 2989 848 3052 incomprehensibilem
864 2985 966 3050 qnantlti
983 2982 1015 3034 de
1032 2980 1123 3032 divinis
1142 2992 1216 3040 pra)-

232 3067 342 3118 dicatur.
359 3067 425 3130 uum
439 3071 582 3129 queritur,
598 3070 634 3116 ait
650 3069 678 3116 S.
704 3068 813 3130 August.
834 3065 867 3116 de
891 3065 965 3116 Trio,
978 3065 994 3113 i.
1015 3065 1041 3124 5,
1062 3074 1086 3110 e.
1101 3059 1128 3120 8,
1145 3059 1217 3119 quid

233 3145 310 3196 tres?
324 3147 429 3207 Monstri
440 3145 555 3212 prorutis
568 3145 665 3207 iuopia
691 3147 842 3196 humanum
860 3147 966 3196 loborat
984 3143 1133 3204 elocutum.
1149 3139 1220 3190 Dic-

234 3228 292 3274 tum
305 3229 342 3275 est
360 3228 450 3275 tameo
465 3229 659 3287 importetur,
674 3227 731 3278 tlott
744 3229 777 3276 ut
789 3226 858 3278 illua
871 3227 1013 3284 dioececis,
1032 3222 1077 3271 sect
1091 3232 1125 3270 ac
1142 3221 1220 3268 tace·
1296 3195 1305 3248 l

234 3308 318 3354 retur.
335 3301 398 3354 illuc
411 3305 455 3354 SS.
472 3305 560 3354 Patres
582 3311 671 3354 contra
689 3291 826 3354 Salteilium
841 3309 1006 3366 aeceperunt,
1024 3301 1057 3350 ad
1075 3297 1222 3350 excluden-

234 3385 295 3455 tium
309 3397 423 3442 errorem
434 3385 510 3450 hnjm
524 3384 700 3452 haeresiarchae
715 3385 831 3434 docentis
841 3385 949 3442 Patrem,
960 3381 1048 3430 Filium
1057 3385 1084 3429 et
1094 3378 1222 3441 Spiritum

234 3463 260 3515 S.
276 3477 355 3516 vacua
366 3473 427 3515 esse
439 3465 552 3528 neurim,
570 3465 661 3516 modos
679 3465 798 3527 nudaque
816 3463 938 3512 attributa
957 3461 1032 3510 unius
1056 3457 1220 3516 substantiae,

235 3547 311 3600 unus
325 3546 455 3600 cucumis.

271 3638 305 3700 (9)
324 3639 380 3689 lstae
406 3641 679 3702 succenturiatum,
698 3637 822 3700 essentie,
842 3638 945 3686 uttiuru
957 3633 1064 3691 diuino,
1081 3628 1180 3694 saepius
1195 3629 1219 3674 ut
1303 3621 1304 3624 ’

240 3729 383 3780 synonymus
394 3725 557 3782 usurpantur.
