2710 4116
541 199 741 268 -att-

196 340 305 408 Corui.
318 339 345 404 1.
361 341 397 414 ln
413 337 696 411 Christovoluntas
713 339 858 420 rationis,
872 341 1137 425 seudeliberata‘s

148 465 280 542 semper
293 445 352 515 suit
364 445 540 516 conformis
557 446 712 512 voluntati
723 447 851 513 divinae.
863 447 1011 564 Alioquin
1023 449 1131 520 Chris

147 567 202 622 tus
219 573 284 619 non
301 551 414 626 suisset
433 553 665 646 impeccabilis.

191 660 295 728 Dico:
312 659 459 732 voluntas
475 660 627 732 rationis
645 657 724 726 Nam
738 661 1131 744 voluntasaerrrcctitutr‘33

147 787 209 836 seu
234 765 394 857 appetitus
422 766 606 856 sonabitur,
633 775 772 855 poterat
786 781 936 856 appetere
953 782 1063 838 eontra
1080 753 1133 836 ro·

70 887 77 896 '
141 871 304 942 luntatem
324 873 384 940 bet
405 892 479 959 quac
496 885 588 942 erant
610 875 759 942 sensibus
776 867 1131 962 com'moda,reiugcre'
1219 959 1222 964 Ι

143 999 221 1072 quae
237 969 335 1049 erant
346 979 495 1047 sensibus
512 980 731 1059 incommoda,
751 994 786 1047 ut
803 994 889 1069 patet
903 1003 940 1053 ex
958 981 1008 1048 his
1024 977 1137 1050 verbis

144 1086 264 1155 Christi
278 1095 424 1178 tempore
436 1086 594 1174 passionis
608 1109 615 1151 :
634 1085 703 1154 Non
717 1087 799 1152 sieut
812 1090 1037 1174 maculasset
1049 1091 1132 1162 sicot

145 1205 194 1261 tu.
213 1193 277 1263 Nee
290 1192 414 1259 dicatur
431 1192 506 1257 indd
523 1192 615 1280 sequi
641 1194 673 1258 in
694 1193 821 1260 Christo
838 1192 938 1264 fuisse
966 1197 1132 1284 concupis»

144 1299 306 1382 centiam,
322 1298 367 1366 illi
389 1299 475 1369 enim
492 1313 599 1370 mutus
619 1320 683 1366 non
701 1299 900 1385 exurgebant
915 1315 1129 1388 repugnante,

143 1413 203 1484 sed
227 1411 448 1480 consentiente
477 1413 621 1492 ratione;
646 1426 703 1478 aut
724 1401 1002 1502 deordinationem
1035 1412 1131 1480 etiam

145 1513 361 1596 materialem,
381 1514 452 1580 haee
468 1515 556 1582 enim
579 1516 790 1604 repugnantia
808 1515 966 1603 appetitus
990 1516 1133 1584 sensitivi

144 1619 387 1689 contradicebat
403 1623 527 1686 tantum
554 1621 746 1710 praeceptivo
763 1621 898 1710 positivo
917 1621 965 1688 dc'
982 1623 1136 1714 passione

146 1725 280 1808 Christi,
298 1727 340 1794 de
359 1747 426 1814 quo
454 1727 604 1798 Verbum.
630 1729 819 1816 dispensare
848 1741 973 1821 poterat
990 1742 1022 1797 et
1048 1727 1133 1796 iacto

148 1833 260 1924 quoad
277 1834 450 1923 praedictos
468 1847 559 1909 actus
576 1834 805 1922 dispensabat.¹
1067 1925 1069 1928 Ι

191 1939 331 2008 Proinde
340 1939 472 2007 libertas
486 1938 602 2006 Christi
621 1963 685 2006 non
701 1939 761 2007 suit
773 1943 1016 2013 contrarietatis
1027 1966 1040 2032 5
1053 1942 1133 2010 alio·

145 2048 227 2141 quin
241 2044 386 2114 Christus
400 2043 534 2135 peccare
545 2047 713 2134 potuisset.
725 2045 865 2114 Proinde
876 2047 1006 2120 libertas
1017 2035 1133 2118 cnrtstt

146 2152 490 2222 eratcontradietionir
512 2157 650 2232 tantiam,
665 2149 828 2220 sufficiens
845 2167 952 2220 tamen
973 2142 1014 2220 ad
1037 2155 1134 2222 meri·

145 2271 229 2327 tum.
239 2255 384 2326 Christus
401 2258 487 2324 enim
505 2269 630 2346 poterat
646 2257 776 2336 mereri,
792 2279 857 2324 non
859 2259 1007 2348 quidem
1030 2261 1134 2328 adim·
1171 2337 1173 2342 ,

151 2343 1134 2484 plendopraeceptumcujusinfractioripraeimpeceabilitatis,

150 2468 288 2558 eratipsr
279 2466 522 2557 impossibilis3
532 2465 588 2531 sed
599 2464 765 2552 operando
775 2477 1132 2556 actusnonpraeceptos,

149 2587 209 2644 aut
222 2574 431 2664 adimplendo
448 2592 545 2664 opera
557 2578 716 2660 praecepta
731 2592 768 2636 cx
777 2570 896 2636 motivo
908 2592 973 2636 non
995 2590 1135 2662 praecep-

147 2679 237 2762 'tom
229 2701 285 2776 ..3
297 2679 467 2748 moriendo
480 2700 518 2746 ex
531 2677 650 2744 motivo
667 2676 844 2758 charitatis,
858 2677 908 2742 vel
920 2676 1131 2762 tortitudinis,

149 2785 203 2856 rel
220 2784 394 2876 patientiae,
405 2784 455 2851 vet
468 2779 713 2866 macenorum,
723 2788 800 2863 etc
814 2781 865 2848 rel
875 2802 913 2848 ex
929 2781 1049 2848 motivo
1065 2803 1136 2852 om·

152 2912 250 2962 mum
262 2891 399 2961 tstarttm
408 2890 576 2958 virtutum

197 2999 305 3068 Curet.
324 2997 369 3065 II
386 2995 534 3065 Christus
552 2995 667 3063 babuit
682 2994 863 3083 aliqualiter
876 3015 988 3063 omnes
1003 2995 1137 3088 virtutes

148 3105 316 3186 naturales
333 3112 365 3172 ct
380 3099 655 3198 supernaturales,
677 3103 762 3170 dona
779 3101 917 3199 Spirittrs
929 3099 1051 3188 Sancti,
1069 3101 1138 3221 gra}

149 3213 211 3302 tias
224 3217 323 3298 gratis
339 3211 443 3293 datas

197 3317 319 3386 Habuit
333 3317 464 3390 virtutes
487 3313 649 3383 naturales
665 3327 697 3382 et
718 3317 1004 3408 supernaturales:
1022 3315 1064 3384 ob
1090 3338 1136 3398 ra·

149 3427 257 3506 tiones
270 3423 428 3522 expositas
445 3424 501 3490 ubi
519 3424 559 3490 dc
575 3423 1135 3494 RectitcdiacAdami,-Dicimusi

147 3532 357 3622 aliqualiter.
382 3529 549 3622 Siquidem
565 3529 741 3626 inchristo
758 3547 823 3600 non
849 3529 979 3600 suerunt
1003 3523 1134 3603 virtutos
