2622 4154
493 183 495 194 '
535 219 577 232 -
600 171 643 250 xe
666 221 710 234 -

12 303 14 382 l
119 328 279 396 notiones
296 323 427 411 praeviae
445 319 635 409 probantur,
659 320 821 411 siquidem
839 345 876 392 ex
889 325 993 407 dictis,
1007 328 1064 396 ubi
1077 329 1116 398 de

12 419 14 500 ἶ
106 437 221 502 'Locis
231 427 438 514 -theolopier'e,
454 428 601 514 sequitur
616 429 691 496 istas
701 431 849 498 veritates
862 450 932 499 esse
949 434 1116 502 evidenter
1132 441 1133 444 ’

12 561 14 614 2
122 536 316 614 credibiles,
346 555 403 600 seu
421 534 552 622 probari
575 555 669 622 posse
689 537 787 602 modo
808 537 881 625 plirs
907 544 1005 624 quem
1030 541 1115 628 suffi-

12 661 13 666 ’
122 645 221 713 clenti
234 631 484 728 ad'rapiendum
498 661 667 707 assensum
680 641 821 716 hominis
834 645 967 710 sensati.
1082 675 1086 683 ι

173 752 212 816 2⁰
230 747 345 816 Causae
363 747 625 834 supernaturales
642 749 791 835 superiirs
808 750 957 817 indicata
980 765 1115 838 possunt

125 857 288 924 inclinare
299 861 331 920 et
348 845 502 938 adjuvare
518 855 936 922 mentemadcredendum:
950 856 1010 923 sub
1021 857 1112 932 titulo

123 967 165 1030 de
183 961 302 1028 Gratid
318 949 510 1046 probabitur
534 959 698 1025 existentia
719 967 750 1026 et
772 961 1019 1049 explicabuntur
1038 984 1113 1051 pro·

124 1069 281 1156 prietates
304 1063 416 1148 gratiae
435 1062 620 1144 habitualis,
644 1065 721 1131 lidei
743 1066 917 1133 habitualis
941 1085 1014 1154 quae
1037 1089 1112 1134 oum

12 1167 13 1174 '
129 1173 236 1255 gratia
243 1168 395 1238 habituali
408 1168 512 1235 inluta
525 1171 690 1256 aoeipitur,
704 1183 736 1236 et
749 1172 859 1255 gratiae
873 1173 1021 1252 actualis,
1037 1193 1112 1260 quae

12 1259 14 1286 '
139 1274 613 1355 ve1s0a‚vetfideixrauituaxi
641 1277 743 1355 unita,
758 1279 1044 1344 rerurrrnomrnem
1060 1297 1113 1347 o-

12 1419 13 1424 *
128 1403 250 1471 pacem
268 1386 352 1448 aenis
363 1383 454 1450 fidei.

173 1487 230 1553 llis
257 1489 496 1556 conditionibus
522 1489 645 1577 positis,
676 1485 779 1575 posite
800 1487 930 1554 aliunde
947 1488 1112 1556 existentia

126 1591 248 1680 objecti
264 1595 354 1674 fidei,
377 1601 469 1664 mens
482 1595 558 1660 huic
575 1594 703 1682 objecto
716 1594 851 1668 firmiter
866 1593 1035 1662 adhaerere
1052 1617 1111 1683 po-

124 1708 199 1766 test.
228 1701 280 1776 Ex.
296 1707 362 1766 una
390 1701 476 1766 eninr
492 1715 618 1787 parte,
640 1701 790 1789 probatis
817 1701 1004 1768 notionibus
1035 1702 1111 1769 fidei
1152 1734 1155 1738 ·

126 1807 266 1893 praeviis,
284 1807 431 1894 sequitur
446 1809 594 1877 veritates
615 1806 654 1874 ab
672 1807 813 1874 Ecclesia
828 1807 1011 1895 propositas
1031 1828 1103 1874 esse

126 1913 296 1992 revelatas,
315 1925 347 1979 et
368 1913 558 1980 rationabile
574 1933 645 1980 esse
661 1914 738 2001 ipsis
755 1935 923 1980 assensum
940 1927 1105 2001 praestare.

127 2019 171 2084 Ex
182 2019 282 2085 altera
299 2033 389 2107 parte
406 2021 487 2104 aetio
504 2021 580 2086 fidei
597 2021 768 2086 habitualis
783 2018 978 2086 etauxilium
995 2020 1105 2104 gratiae

127 2126 263 2192 actualis
273 2125 439 2191 xsullieiun't
455 2137 490 2190 ut
502 2146 592 2191 mens
605 2126 705 2213 possit
717 2125 885 2191 adhaerere
901 2124 1023 2190 veritati
1034 2143 1108 2190 oum

125 2229 329 2310 certitudinis
345 2229 448 2313 gradu
461 2232 491 2294 et
506 2228 818 2317 supernaturalitatis
839 2229 938 2295 modo
954 2227 1109 2315 requisito

125 2333 168 2400 ad
185 2335 447 2400 constituendum
461 2334 566 2402 aetum
583 2335 659 2402 fidei
670 2337 787 2403 divinae
804 2336 932 2424 proprie
943 2334 1078 2400 dietum.

62 2472 64 2476 ’
172 2442 337 2510 Diximus:
366 2471 379 2501 α
402 2445 515 2510 Perire
528 2445 661 2510 ⁴aliaurde
676 2437 847 2510 existentia
863 2443 977 2525 objecti
989 2444 1076 2528 fictae
1092 2469 1106 2500 »

12 2605 13 2608 ,
124 2551 224 2615 Facto
242 2561 350 2615 autem
367 2551 505 2616 existunt
516 2550 664 2616 veritates
679 2569 752 2634 quae
767 2559 902 2634 possunt
917 2565 987 2609 esse
1000 2545 1109 2628 objec-

124 2668 199 2719 tum
214 2653 303 2720 fidei.
323 2655 490 2742 Siquidem
510 2653 541 2716 l.
557 2650 696 2716 existunt
707 2650 856 2714 veritates
873 2651 890 2712 a
906 2647 976 2709 Deo
993 2646 1110 2713 revela-

123 2771 181 2837 tae,
202 2759 491 2844 quaeeontinentur
508 2755 541 2822 in
555 2753 719 2841 Scriptura
731 2764 761 2818 et
772 2747 969 2830 Traditione,
986 2761 1021 2816 ut
1033 2769 1109 2818 eon-

120 2871 190 2931 stat
206 2881 243 2930 ex
259 2865 351 2932 dietis
372 2865 429 2931 ubi
446 2864 587 2930 deducis
604 2859 800 2947 theolopicis.
820 2859 854 2925 ᾖ.
872 2859 945 2924 Istae
961 2859 1110 2928 veritates

124 2969 491 3038 habentobscuritatenr
507 2991 565 3058 pro
578 2969 643 3035 fide
659 2967 865 3055 requisitam:
888 2965 999 3032 multae
1022 2967 1109 3032 enim

123 3096 194 3142 non
210 3089 286 3144 sunt
306 3076 478 3166 intrinsece
496 3077 680 3154 evidentes.
693 3074 816 3142 suntin
835 3095 869 3141 se
885 3073 1106 3162 perobscura.

122 3183 266 3272 Insuper
291 3205 403 3252 omnes
420 3195 494 3249 sunt
509 3184 656 3250 obscurae
673 3185 835 3269 quateuirs
862 3199 919 3267 per
936 3171 1107 3246 revelatio·

123 3309 205 3356 nem
225 3289 453 3370 manifestatae;
468 3291 541 3356 oiim
559 3287 763 3357 revelationis
779 3286 912 3362 laetum,
936 3283 1108 3370 probatum

124 3395 264 3481 quidem
281 3395 478 3482 argumentis
490 3391 917 3464 extrinsecissuilloientibus
935 3389 974 3456 ad
984 3387 1109 3456 trahen-

60 3589 67 3598 ,
123 3501 211 3570 dum
221 3525 389 3572 assensum
407 3504 545 3578 hominis
559 3505 689 3586 sensati,
704 3513 843 3593 nequeat
859 3513 964 3569 tamen
978 3496 1107 3588 probari
