2708 4122
622 400 754 468 -aru
781 439 825 454 -·-

269 536 394 624 Duplur
412 536 584 626 opiniat-
596 539 711 612 Primo
724 551 830 624 negat.
850 537 935 622 Quia
951 537 982 608 in
996 535 1218 608 satisfactione

226 642 344 713 Cirristi
361 664 437 730 erga
451 643 592 714 Verbum
606 644 694 712 nulla
710 645 823 714 fuisset
835 644 997 724 alteritas3
1013 649 1089 712 cum
1105 645 1217 713 Cirris·

225 749 400 829 tttslrotno,
419 755 581 838 qtratcnirs
596 773 745 840 porscnoe
756 752 852 822 Verbi
866 753 990 830 unitas,
1002 751 1111 820 Verbo
1124 753 1217 821 satis·

225 855 366 926 fecisset.
386 859 423 924 Ut
442 869 551 926 autem
567 858 722 937 solvetur,
742 862 899 946 quantiam
924 857 993 924 lieri
1011 865 1128 944 potest,
1141 879 1219 946 per·

97 971 101 978 ’
227 961 324 1032 factio
352 962 589 1043 satisfactionis,
612 963 703 1051 juxta
735 963 834 1052 hujus
850 965 1012 1052 opinionis
1028 973 1216 1045 sectatores,
1324 955 1325 958 ¹

228 1068 371 1136 Verbum
387 1070 593 1139 satisfactioni
614 1071 676 1138 sibi
692 1069 811 1138 debitae
828 1070 1036 1138 renuntiavit.
1054 1071 1212 1150 merenda,
1324 1061 1325 1104 ³

136 1199 140 1206 ·
228 1176 445 1256 communior,
467 1175 605 1244 affirmat
630 1177 879 1246 satisfactionem
907 1175 1026 1244 Christi
1048 1197 1118 1260 erga
1135 1175 1211 1244 Ver·

231 1281 311 1348 bam
324 1281 423 1350 fuisse
444 1283 723 1372 perfectamllam
740 1284 835 1350 llam.
849 1283 882 1363 5,
901 1283 966 1350 23:
991 1281 1217 1364 Qurmttllrris·
1325 1315 1326 1340 1

231 1393 312 1468 tum)
333 1390 608 1476 propensiores
623 1392 668 1456 ml
683 1389 895 1456 ostensionem
909 1390 1047 1473 justitie
1061 1405 1130 1456 ture
1143 1387 1225 1470 (sine

232 1495 368 1578 addito).
384 1498 395 1564 l
411 1497 487 1566 Gor.
503 1497 535 1576 l,
554 1497 621 1564 ὅθι
643 1497 789 1564 Glrriataa
805 1495 898 1564 neiis
915 1498 1022 1580 metata
1042 1506 1134 1562 cst...
1153 1496 1226 1579 jnr-

235 1605 349 1673 titiu...
371 1608 562 1693 raanan.
582 1605 717 1674 Νοπιίυο
739 1605 898 1672 absuntam
919 1603 1094 1670 habentia
1115 1603 1227 1694 Scrip-

208 1710 212 1718 '
237 1717 308 1779 turo
322 1714 384 1779 rim
402 1713 606 1800 significandi
619 1713 850 1802 perfectionem
869 1711 914 1778 rei
930 1710 1135 1796 significatae;
1151 1730 1227 1795 ergo

206 1867 209 1872 -
239 1818 384 1886 Christus
396 1827 445 1886 est
461 1820 693 1905 nobisjustitin
705 1827 737 1885 et
750 1819 927 1903 redemptio
938 1815 1100 1895 absoluta,
1118 1816 1228 1903 proin·
1325 1881 1326 1912 ζ

239 1926 281 1990 <lc
297 1925 471 1993 satisfactio
488 1933 537 1992 est
550 1925 691 2012 perfecta
708 1924 770 1990 sub
788 1924 878 1990 omni
903 1930 1072 2011 respectu,
1091 1921 1229 2010 proinde

240 2051 315 2114 erga
334 2031 491 2104 Verbum.

285 2136 331 2200 Ad
361 2134 583 2220 explicandam
602 2134 838 2224 perfectionem
865 2134 1089 2204 satisfactionis
1112 2132 1225 2206 Christi

241 2257 317 2323 erga
334 2239 489 2323 Verbum,
510 2241 642 2327 quidam
656 2243 689 2310 in
706 2240 833 2310 Citristo
850 2243 1053 2326 distinguunt
1065 2241 1221 2328 duplicem

241 2345 473 2432 aquisclerus
482 2367 668 2438 personant,
687 2349 967 2418 Verbum-scilicet
979 2353 1142 2435 quatenus
1160 2346 1228 2415 uui-

243 2461 313 2524 tnm
330 2458 455 2519 naturae
467 2451 633 2533 harucnae,
651 2466 683 2520 et
699 2452 841 2521 Verbum
857 2457 1020 2539 quatenus
1040 2453 1125 2518 inest
1136 2462 1232 2520 mtu-

242 2577 290 2632 rm
310 2557 439 2632 ditiaco.
464 2559 605 2630 Verbum
622 2559 796 2646 subpriori
817 2566 965 2646 respectu
990 2557 1232 2626 consideratum
1326 2573 1327 2636 l

241 2664 398 2734 satisfecit
414 2667 519 2736 Verbo
536 2667 740 2736 considerato
757 2664 1005 2754 subposteriori
1022 2677 1234 2752 respecta-
1326 2679 1327 2748 ξ

173 2781 175 2786 ’
243 2771 449 2851 tarraelios,
473 2779 587 2839 natura
617 2773 758 2842 humana
787 2772 889 2858 potuit
912 2767 1097 2838 satisfacere
1111 2769 1235 2850 Verbo,

240 2893 411 2952 acuamus
430 2884 511 2946 suo's
535 2879 651 2950 offerre
667 2879 774 2948 Verbo
798 2880 830 2948 in
851 2879 1087 2966 reparationem
1105 2875 1238 2964 injuriae

250 2987 282 3052 l.
300 2986 402 3054 liberi
416 3010 423 3051 :
439 2987 618 3057 amittendo
637 2985 726 3053 enim
750 2985 1024 3073 personalitatem,
1042 3004 1107 3052 non
1129 2981 1240 3050 amisit

247 3092 450 3170 libertatem3
466 3093 500 3158 2.
516 3081 592 3160 cum
608 3091 783 3159 alteritate:
802 3091 1046 3174 distinguuntur-
1061 3091 1093 3156 in
1108 3087 1239 3154 Christo

242 3199 364 3265 ¹natma
386 3200 491 3266 diuina
506 3213 543 3274 ct¹
554 3198 694 3267 humana
709 3221 718 3278 3
731 3197 764 3264 5,
782 3196 1033 3283 aequivalenter:
1053 3215 1091 3262 ex
1116 3194 1255 3260 uniane'

250 3301 448 3389 lrypastatiaa
465 3305 613 3390 sequitur
624 3303 713 3370 valor
728 3302 873 3368 infinitus
889 3315 1043 3378 actuum3
1061 3300 1096 3366 l.
1115 3319 1153 3366 ex
1167 3319 1240 3386 pro

250 3406 330 3496 ptiis
342 3415 374 3474 et
388 3407 467 3476 afiirs
478 3410 648 3478 indebitis:
667 3408 812 3476 Christus
828 3409 913 3480 enim
931 3405 1083 3478 satisfecit
1103 3424 1163 3492 per
1185 3423 1240 3470 ra·

251 3515 354 3582 iorem
369 3507 528 3580 infinitum
545 3515 708 3582 actionum
722 3535 868 3580 suarum.
889 3513 951 3595 Qui
969 3511 1069 3590 valor,
1089 3507 1241 3596 quamvis

208 3657 212 3672 .,
253 3619 379 3690 fluxerit
395 3641 433 3704 ax
450 3621 537 3684 dono
551 3620 677 3686 unionis
698 3619 917 3706 hypostaticae,
937 3615 1166 3704 etatproprius
1177 3615 1240 3679 hu-

183 3714 186 3722 ‘
206 3731 232 3772 a·
255 3722 416 3792 nranitmis
432 3721 567 3800 Christi3
583 3725 669 3810 quia,
693 3726 797 3810 positi
810 3725 928 3796 uitione
952 3723 1173 3812 hypostatica,
1191 3721 1241 3788 in-
