2708 4122
643 226 844 292 -288-

257 373 337 438 Nom
357 371 387 434 1.
406 371 457 450 ns.
480 369 555 446 118,
571 367 633 434 56:
658 369 785 434 lactina
801 387 858 434 cor
873 387 978 434 rrretnrt
1004 369 1037 434 ia
1057 369 1245 438 testimonio

259 489 327 543 tuo.
345 475 461 564 Philip.
480 476 514 554 2,
531 474 593 540 13:
613 475 757 558 Bennett
769 475 854 540 eninr
865 476 922 560 qui
937 477 1138 558 operatorio
1153 477 1246 544 vodio

257 585 377 650 velteet
389 583 555 669 perficere,
583 601 646 666 pro
673 581 757 646 band
775 583 950 646 ootrrrrtate.
969 581 1002 646 ἢ.
1024 577 1124 647 Cone.
1149 583 1241 651 Trid.

259 709 339 756 teas.
355 689 389 769 6,
408 688 535 754 camd:
561 687 596 754 St'
616 687 687 774 quis
708 687 826 753 dicerit
843 687 978 752 lidorum
993 687 1135 754 dominis
1154 689 1244 756 urbi·

259 797 357 862 trium
373 796 394 860 ὰ
407 796 475 860 Deo
491 805 612 860 motum
623 805 652 858 et
664 793 836 860 excitatum
848 795 933 860 rritrr't
947 797 1121 878 cooperari
1131 817 1243 864 casm·

258 903 366 970 tiendo
378 901 445 964 Deo
457 901 900 966 eeeimnti...arrotlremaait.
1324 975 1325 992 1

302 1005 354 1072 ‘De
366 1011 479 1072 natura
497 1013 605 1071 autem
618 1005 716 1092 hujus
734 1007 778 1072 ris
796 1005 1061 1094 supernaturalis,
1088 1028 1144 1073 seu
1164 1025 1235 1092 gra·

260 1112 506 1192 tiaevolnntatis,
523 1111 658 1178 diversae
675 1111 842 1178 sententiae
859 1112 991 1178 fuerunt
1004 1114 1140 1180 emissae.

306 1221 344 1286 1⁰
359 1217 551 1288 Jansenistae
567 1215 727 1284 assirmant
754 1239 883 1284 omnem
907 1220 1043 1306 gratiam
1065 1219 1238 1286 voluntatis
1324 1203 1325 1232 ¹

257 1326 470 1400 essentialiter
484 1345 555 1390 esse
578 1337 701 1390 motum
719 1323 880 1390 eharitatis
897 1323 1060 1412 perseetae.
1080 1325 1178 1405 Nam,
1196 1327 1242 1393 in·

260 1435 388 1522 quiunt,
408 1431 513 1500 omnis
538 1444 646 1498 motus
670 1430 842 1499 voluntatis
868 1443 1037 1510 astamus,
1059 1443 1091 1498 et
1107 1432 1243 1502 aliunde

259 1540 365 1606 omnis
380 1559 471 1604 amor
488 1551 536 1606 est
557 1538 694 1604 charitas
710 1535 863 1624 perfecta,
876 1537 926 1605 vel
937 1538 1095 1626 cupiditas
1110 1540 1240 1607 vitiosa.
1324 1581 1325 1586 κ

258 1646 357 1724 Porro
380 1645 479 1730 gratia
497 1665 561 1710 non
579 1651 683 1731 potest
699 1663 828 1710 movere
851 1643 891 1708 ad
918 1639 1130 1731 cupiditatem
1149 1645 1242 1710 vitio·
1324 1671 1325 1676 ¹

258 1773 348 1831 sam3
376 1771 453 1836 ergo
477 1748 689 1816 essentialiter
710 1761 817 1816 movet
839 1749 879 1816 ad
901 1748 1094 1836 alteritatem,
1118 1749 1243 1840 perseo·

260 1870 337 1924 tam.
852 1841 856 1848 ⁴
1055 1843 1059 1848 ’

302 1961 338 2024 2⁰
350 1957 490 2040 Quidam
503 1955 663 2038 catholici,
677 1958 849 2047 interquos
858 1961 999 2048 theologi
1009 1962 1233 2043 Loranienses,

256 2065 430 2136 admittunt
440 2063 592 2150 equidem
609 2066 753 2133 medinm
770 2068 853 2136 inter
865 2069 1050 2135 charitatem
1061 2069 1226 2156 perfectam

256 2183 290 2240 et
305 2169 513 2259 cupiditatem
529 2170 688 2253 vitiosam,
710 2174 753 2254 ita
770 2188 804 2240 ut
820 2183 926 2242 motus
949 2181 967 2241 a
994 2174 1155 2250 charitate
1173 2174 1226 2241 dis·

258 2278 376 2346 tinctus
393 2279 492 2366 possit
504 2279 691 2348 essebonus
708 2282 740 2348 io
757 2303 805 2348 ae.
823 2281 989 2366 Affirmant
1003 2289 1082 2348 vero
1104 2301 1233 2358 omnem

257 2397 383 2460 motum
400 2384 510 2480 gratiae
527 2407 597 2453 esse
621 2402 745 2453 motum
767 2388 928 2454 eharitatis
954 2387 1119 2479 perfectae.
1147 2386 1235 2455 Uodd

257 2499 347 2560 actus
364 2491 489 2566 elicitus
506 2513 544 2558 ex
560 2493 679 2560 motivo
693 2494 842 2562 distincto
859 2495 1059 2573 teneritate,
1077 2493 1158 2562 lieet
1182 2495 1234 2560 ho·
1324 2491 1325 2550 ἶ

257 2621 319 2688 nus
336 2599 426 2678 inse,
450 2614 514 2666 nun
532 2613 722 2688 potestesse
740 2601 1007 2690 supernaturalis,
1025 2601 1101 2692 quia
1124 2601 1237 2668 nonflt

256 2721 294 2770 ex
310 2713 400 2766 motu
417 2701 540 2786 gratim.
967 2755 970 2760 .

302 2805 339 2870 5⁰
354 2807 448 2875 Juxta
463 2806 555 2889 alios,
566 2808 706 2880 existunt
724 2820 831 2876 motus
851 2809 996 2894 grartaea
1019 2815 1110 2878 motu
1135 2807 1238 2878 chari·
1258 2843 1265 2862 ·

254 2913 326 2978 tatis
339 2913 489 3000 perfectae
501 2911 654 2981 distincti.
679 2911 683 2918 ’

300 3019 501 3106 Quoposito‚
522 3023 689 3108 sequentia
716 3011 997 3088 dt‘t'oontroversid
1013 3021 1132 3088 actuali
1151 3019 1235 3088 affir-

255 3141 402 3187 mamus:
424 3119 455 3190 i.
473 3125 622 3193 haeretica
641 3141 688 3194 est
707 3129 964 3194 Jansenistarum
983 3127 1160 3217 opiniosd.
1186 3147 1232 3196 re·

252 3225 400 3315 pellenda
417 3229 543 3299 videtur
559 3235 817 3316 lovaniensium,
830 3235 863 3302 5.
877 3235 1074 3326 admittenda
1089 3230 1229 3324 proinde

253 3333 366 3408 ultima
382 3334 514 3402 solorio.
878 3347 879 3350 ’

300 3437 335 3500 1⁰
354 3437 506 3503 Haeretiea
524 3446 571 3504 est
580 3443 834 3535 Jooxsooistarum
852 3445 974 3532 opinio.

297 3539 356 3601 Pr.
378 3541 423 3604 1³.
444 3536 561 3626 Opinio
582 3546 838 3636 'lantsonistarum
862 3551 973 3617 nititur
992 3539 1059 3630 „irae
1085 3550 1229 3644 proposi-
