2622 4154
528 389 530 394 ·
602 413 647 430 -
673 377 713 446 tc
735 412 780 429 .-

372 569 470 630 luvcr.
490 578 510 629 l.
526 579 564 631 Dc
578 576 779 629 conditionibus
796 571 858 635 tides·
872 570 1016 621 catholice.
1097 647 1103 655 ι

252 729 330 800 Aliae
345 745 421 800 sunt
435 735 623 802 ectrinscccc
637 744 669 798 et
684 730 822 819 proeviae,
835 728 906 795 aliae
916 737 991 794 sunt
1003 723 1194 792 intrinsecae

209 851 242 904 et
257 839 482 908 constitutivae.

253 945 282 1010 I.
301 945 350 1012 De
361 945 600 1012 conditionibus
617 941 808 1010 extrinsecis
824 949 853 1005 et
866 937 1013 1022 proediis.

176 1083 179 1088 ·
253 1049 366 1131 Quor.
382 1051 540 1133 Quonam
551 1051 623 1118 siut'
633 1048 834 1116 conditiones
849 1045 1037 1114 ecvrtssecc
1053 1052 1083 1108 ct
1101 1061 1189 1127 prcc-

207 1155 268 1220 uiae
282 1158 373 1224 octda
386 1160 465 1246 fidei
480 1157 668 1224 catholicus?
1260 1145 1273 1163 ⁸

253 1261 351 1347 Resp.
361 1261 445 1331 'Duoe
461 1264 673 1350 requiruntur
684 1259 887 1328 conditiones
904 1256 1044 1345 praeviae.

223 1447 231 1457 .
256 1367 408 1436 tscoud.
437 1369 625 1456 Requiritnr
651 1365 810 1434 convictio
832 1363 974 1448 legitima
997 1363 1038 1428 de
1055 1379 1194 1448 sequen·

209 1471 297 1540 tibus
308 1474 516 1541 veritatibus:
536 1475 645 1542 Existit
660 1474 763 1551 Deus,
786 1471 875 1538 Deus
892 1481 1064 1547 est'verux,
1083 1466 1195 1534 homi-

209 1577 305 1645 nibus
320 1578 448 1652 locutus
460 1592 521 1659 est,
540 1580 675 1646 verbum
692 1577 753 1642 Dei
765 1575 950 1643 continetur
961 1573 994 1638 in
1011 1571 1185 1660 scripturis

211 1695 242 1750 ct
256 1683 458 1764 Traditione‚
473 1687 561 1752 Deus
578 1683 746 1752 constituit
760 1681 987 1749 auctoritatem
1008 1677 1186 1766 quamdam

210 1787 416 1856 infallibilem
434 1801 470 1855 ut
490 1790 627 1856 verbum
644 1808 741 1854 suum
757 1786 946 1862 hominibus
963 1783 1193 1853 transmisere·

210 1905 264 1960 tur
275 1905 307 1960 et
322 1881 550 1981 explicaretur,
568 1891 707 1961 Ecclesia
724 1890 1002 1963 cadmlicaestilla
1018 1889 1194 1960 auctoritas

210 1997 365 2064 divinitus
381 1998 545 2076 instituta3
562 2033 609 2048 --
623 2017 698 2085 quse
714 1999 870 2066 convictio
886 1998 919 2063 in
935 2009 1044 2065 menso
1066 1998 1193 2084 produ-

210 2100 306 2181 citur,
321 2101 572 2170 extraordinarie
581 2122 639 2190 per
651 2101 870 2176 immediatam
882 2099 1102 2187 operationem
1116 2099 1191 2181 Dei,

211 2205 374 2276 ordinarie
389 2228 448 2296 per
466 2209 584 2276 motiva
600 2207 768 2276 rationalia
784 2205 904 2294 quibus
920 2203 1084 2294 praedictoe
1107 2207 1193 2276 vori-

210 2325 291 2382 totes
306 2315 392 2382 fiunt
407 2315 593 2386 credibiles.

254 2420 357 2487 Prcb.
371 2443 433 2506 per
445 2433 538 2520 port.
560 2421 748 2510 neqtatritur
765 2421 925 2490 convictio
945 2423 988 2490 de
1002 2419 1193 2490 veritatibus

208 2527 359 2615 superius
379 2528 574 2596 enuntiatis:
609 2530 703 2598 Fides
727 2530 814 2598 enim
841 2529 999 2598 catholica
1025 2549 1091 2596 non
1119 2542 1190 2610 est,

210 2631 272 2699 nisi
280 2653 373 2701 meus
386 2630 498 2701 credat
509 2635 678 2703 veritatem
690 2636 735 2702 ab
751 2635 892 2704 Ecclesid
906 2635 1108 2724 propositam
1117 2655 1194 2702 esse

210 2737 364 2807 divinitus
377 2738 571 2819 revelatum
591 2761 689 2828 porro
708 2739 1193 2810 convictiosufficiensutmens
1261 2763 1263 2777 ¹

209 2844 374 2914 adhaereat
389 2844 466 2914 huic
482 2847 695 2934 propositioni
721 2875 736 2906 «
752 2848 874 2914 veritas
889 2845 931 2912 od
951 2845 1098 2914 Ecclesid
1109 2865 1192 2931 pro·
1246 2859 1249 2864 ’

201 2949 318 3034 postca
329 2959 378 3015 est
400 2952 556 3018 divinitus
577 2955 723 3022 reuoluta
737 2979 752 3010 ι
771 2952 927 3042 supponit
942 2949 1094 3039 praevium
1110 2969 1191 3016 con·

209 3052 383 3120 vietioncm
400 3055 441 3124 de
457 3057 582 3148 coeteris¹
591 3056 778 3125 notionibus
790 3059 940 3145 superius
956 3056 1190 3128 enuntietis.-

206 3150 398 3245 llcquiritur
414 3161 572 3229 convictio
596 3163 756 3248 legitima:
781 3163 875 3231 Fides
895 3165 984 3232 enim
1004 3165 1104 3232 debet
1117 3183 1194 3231 esse

208 3263 424 3345 rationabilis,
440 3286 499 3333 seu
515 3285 608 3334 mens
623 3267 749 3356 absque
771 3267 896 3336 ratione
917 3281 949 3335 ct
966 3268 1194 3357 imprudenter

207 3369 342 3438 credere
358 3390 424 3437 nora
443 3370 552 3454 debet,
566 3373 656 3460 juxte
679 3374 760 3442 illud
775 3373 919 3462 Apostoli
935 3375 1047 3453 llum„
1070 3373 1126 3454 tt,
1147 3375 1162 3439 l
1181 3395 1190 3438 ε

211 3503 228 3556 ,ι
247 3476 454 3576 Botioocdilc
469 3479 655 3566 obsequium
673 3492 831 3551 oestrmn.
844 3507 858 3541 s
869 3513 916 3530 -
932 3480 1016 3564 Quae
1032 3479 1192 3548 convictio

207 3592 313 3674 potest
325 3585 617 3652 extraordinarium
631 3599 739 3654 meme
751 3585 887 3674 produci
900 3605 960 3674 per
969 3583 1196 3667 immediatum

207 3683 269 3756 Dei
284 3689 525 3782 operationem:
542 3690 604 3760 ltoc
621 3693 732 3779 negari
744 3712 809 3786 non
822 3698 942 3781 potest,
963 3691 1041 3784 quin
1054 3683 1191 3769 arbitra·
