2710 4116
639 429 682 444 ·-
707 393 771 462 230
794 431 839 443 -

243 543 317 608 eiun
335 541 419 607 bona
438 539 775 608 omrri'oessentialiter
787 539 950 629 possident
961 541 1109 628 eeposstt
1120 561 1236 634 perse

243 647 313 714 aliis
342 647 603 725 eommunioare;
634 646 851 726 obedientiae,
886 651 961 713 oum
991 647 1031 713 sit
1066 648 1156 716 Deus
1189 672 1226 718 ae

243 753 381 841 proinde
398 753 610 820 essentialiter
626 754 862 842 independens.

290 859 435 926 Christos
454 859 551 928 babet
568 879 686 948 eorpus
703 859 992 926 etauimamzinter
1006 879 1041 926 se
1057 861 1144 927 unita
1158 885 1225 926 z*—

243 965 389 1034 Cbristus
412 987 524 1054 passus
550 973 618 1048 est,
639 979 787 1032 mortuus
812 977 880 1043 est,
899 966 1088 1033 resurrexit.
1114 968 1219 1036 ‘Porro

241 1073 397 1138 unionem
418 1067 504 1138 inter
520 1093 637 1162 ooppus
658 1084 698 1138 et
713 1072 854 1138 animam
875 1073 1028 1158 supponit
1052 1071 1085 1140 t.
1105 1073 1220 1144 dolor:

237 1177 363 1245 subiate
374 1179 537 1246 enirn-hae
550 1179 683 1260 unione,
695 1177 895 1268 impossibiie
908 1191 956 1244 est
978 1199 1092 1267 eorpus
1118 1163 1217 1263 agere

239 1285 272 1350 in
290 1285 430 1352 animam
447 1298 480 1352 et
493 1286 686 1364 viuererst3
704 1285 739 1351 b.
759 1305 864 1352 mors:
883 1291 931 1351 est
947 1284 1035 1350 enirn
1059 1285 1212 1371 separatio
1260 1289 1265 1306 '

238 1389 384 1456 animet
409 1411 556 1480 corpore,
577 1411 676 1478 porro
697 1390 804 1456 enimn
826 1409 891 1456 non
914 1396 1058 1478 potesta
1084 1410 1220 1477 corpore

240 1497 382 1584 separari
399 1497 476 1584 quin
488 1503 582 1565 antee
598 1496 718 1564 suerint
730 1497 835 1576 nnitn;
857 1495 891 1561 5.
910 1495 1128 1563 resurreetio:
1149 1499 1225 1562 ebrn

241 1603 282 1670 sit
303 1603 379 1668 uuio
397 1602 506 1670 iterata
522 1603 606 1669 inter
622 1623 744 1690 eorpus
753 1599 952 1668 etanirnarn.
1015 1589 1017 1592 ⁵

281 1705 339 1769 ΙΙΙ.
358 1706 475 1773 Natura
487 1705 592 1772 divina
604 1720 634 1773 et
647 1719 761 1775 natura
775 1707 916 1773 humana
930 1703 1220 1793 uniunturbypus·

198 1801 201 1808 ’
243 1810 339 1877 tatieb
356 1811 387 1877 in
402 1812 495 1878 unica
512 1811 607 1881 Verbi
619 1817 756 1900 persona
768 1833 784 1876 ε·

288 1917 324 1982 1⁸
335 1939 370 2002 p.
386 1917 504 1984 Natura
526 1918 632 1983 divina
646 1931 676 1983 et
688 1917 828 1983 humane
841 1918 1000 1984 rtniurtttu'·
1010 1942 1030 1982 .··

287 2023 347 2086 Pr.
380 2023 413 2086 t⁰
432 2024 471 2088 Si
506 2035 619 2089 nutura
656 2022 762 2090 divine
799 2035 831 2090 et
861 2024 1002 2090 humana
1035 2022 1068 2088 in
1098 2023 1227 2092 Christo

242 2148 308 2196 non
322 2127 504 2206 unirentur,
523 2127 629 2194 eidem
641 2129 768 2195 Christo
787 2150 853 2196 uon
874 2129 1152 2223 possentnt'tribui
1169 2151 1227 2196 nn-

242 2246 313 2299 tura
328 2233 432 2300 diuina
445 2246 476 2300 et
490 2233 643 2316 tremene,
658 2237 868 2326 proprietates
878 2235 995 2302 divinae
1002 2243 1037 2302 et
1054 2235 1223 2316 humanae,

241 2340 383 2406 actiones
408 2341 524 2406 divinae
547 2355 578 2408 et
609 2342 783 2422 bumanee3
815 2341 942 2408 nullum
966 2351 1051 2408 esset
1074 2341 1160 2408 enirn
1188 2343 1224 2407 in

243 2439 369 2512 Cirris-to
385 2445 567 2534 subjeetum
590 2448 721 2516 unicum
746 2447 963 2514 attributionis
989 2448 1105 2514 barn-tn
1134 2455 1228 2514 natu·

241 2566 364 2631 rarum,
377 2550 609 2638 proprietatum
626 2564 658 2617 et
678 2551 854 2618 notionum.
878 2551 964 2637 Ergo
977 2557 1089 2618 revera
1104 2564 1224 2618 natura

241 2655 349 2724 divina
365 2663 397 2722 et
412 2657 553 2724 bumana
569 2659 652 2725 inter
668 2673 703 2725 se
720 2659 887 2738 uniuntur,
905 2659 932 2724 si
949 2659 1111 2746 Scriptura
1135 2657 1226 2724 attri-

241 2761 319 2827 buat
336 2761 461 2829 Christo
472 2767 631 2844 naturam,
650 2766 861 2852 proprietates
878 2763 1087 2848 actionesque
1099 2761 1227 2828 divinas

241 2877 274 2934 et
289 2869 467 2948 bumarrtts3
484 2889 669 2958 porro-rem·
683 2871 727 2936 ita
744 2885 817 2936 esse
831 2881 955 2936 constet
965 2887 1004 2934 ex
1017 2867 1157 2935 textibus
1168 2887 1227 2934 su-

241 2975 701 3063 prboitatisrnuitisquealiis.

263 3103 267 3110 ‘
288 3077 371 3144 2⁰·Si
388 3089 500 3144 natura
520 3080 662 3144 bantana
687 3099 751 3143 non
774 3079 922 3145 uniretur
942 3089 1065 3145 naturae
1081 3077 1224 3156 divinoe,

241 3177 330 3242 nulia
346 3177 499 3246 essentia
518 3180 643 3246 Christo
661 3181 773 3252 merita
791 3181 928 3248 infinita.
955 3181 1122 3268 Siquidem
1152 3181 1228 3246 haee

242 3281 355 3347 merita
373 3298 499 3362 esseut,
515 3285 564 3352 ret
582 3285 614 3350 in
632 3293 746 3353 natura
763 3288 890 3366 divina,
910 3287 959 3354 vel
980 3289 1011 3356 iu
1032 3292 1149 3352 natura
1165 3287 1229 3352 bu·

243 3391 351 3452 ruant.
370 3387 481 3472 Atqui,
502 3409 566 3454 non
590 3389 621 3454 iu
644 3397 759 3456 natura
782 3391 900 3467 divina,
925 3407 998 3478 quae
1015 3389 1121 3454 meriti
1139 3389 1230 3455 inea-

241 3513 303 3582 pax
317 3506 383 3573 est,
398 3490 623 3561 xetun-infinite
638 3495 861 3584 independens
881 3507 913 3562 et
928 3495 1069 3583 perfecta
1087 3499 1105 3562 a
1128 3496 1226 3562 nulio

241 3600 575 3687 quidquam-obtinere
591 3603 691 3688 possit
704 3603 833 3680 ;-uour'n
846 3607 958 3668 natura
972 3603 1126 3680 humant,
1143 3621 1224 3688 quoe

243 3717 292 3768 est
308 3706 570 3792 inceps-meriti.
589 3707 720 3788 induiti,
736 3708 869 3776 obarsit
887 3708 1105 3778 essentialiter.
1115 3707 1224 3778 finita.
