2710 4116
642 220 845 288 -mm-

256 359 312 428 27:
333 355 767 442 Omniutuljeetumntei...
783 365 902 441 proter
918 373 989 421 eum
1000 355 1056 442 qui
1067 355 1202 442 subjecit
1212 363 1242 426 ei

256 466 380 532 omniu.
403 465 573 552 Apostolus
601 463 642 530 ad
668 462 766 532 Hebr.
786 463 820 543 ἰ),
837 462 870 541 8,
895 462 1028 550 exponit
1044 462 1086 529 de
1111 463 1239 532 Christo

255 571 336 638 illud
355 570 473 638 Pselm.
494 569 525 646 8,
547 569 588 634 7:
609 569 810 635 constituisti
831 589 903 634 eum
925 589 1025 652 super
1049 591 1152 654 opera
1167 593 1240 638 mo·

252 697 354 746 nuum
364 687 507 743 tuorum.
522 676 640 742 Omnia
649 675 812 759 subjecisti
820 673 880 740 sub
892 673 1240 760 montibusmontibus·

256 784 433 852 tusdioitor
449 783 480 848 in
499 781 628 870 Apoeol.
650 782 681 861 l,
698 781 740 847 ll:
764 783 922 868 Princeps
939 802 1052 868 reyum
1069 793 1187 863 terrm
1203 793 1235 851 et
1338 811 1339 814 ¹

255 889 310 970 19,
323 887 381 955 tt:
393 887 497 954 Habet
513 888 547 955 in
563 889 750 954 uestimento
767 898 796 954 et
809 889 843 954 in
853 889 975 974 femore
993 907 1051 954 ouo
1064 889 1106 970 (in
1120 890 1237 957 huma·
1338 897 1339 908 ¹

253 994 365 1076 nitate,
376 992 465 1082 juxto
483 993 728 1083 explicationem
749 998 967 1074 communem)
984 994 1149 1078 seminum:
1162 997 1235 1061 lien

253 1121 377 1189 renum,
393 1110 422 1166 et
432 1101 598 1176 Dominus
609 1100 859 1168 dominantium.

300 1207 466 1274 Dicimus:
484 1207 844 1274 dominiumeueellens.
863 1202 916 1270 Est
938 1203 1026 1270 enim
1050 1204 1237 1305 immediato
1338 1205 1339 1222 ³

255 1313 368 1395 olleo,
383 1313 497 1380 stabile
509 1322 540 1380 ot
549 1325 707 1380 eternum
722 1335 731 1392 ;
745 1310 964 1378 seextendens
975 1310 1015 1376 od
1027 1332 1142 1378 omnes
1153 1333 1240 1380 orea-
1338 1367 1339 1378 ,

255 1432 357 1503 turos,
376 1419 416 1486 od
437 1441 568 1488 omnem
582 1440 679 1487 usum
690 1425 756 1486 tim
770 1417 950 1485 naturalem
966 1420 1064 1504 quum
1082 1439 1241 1506 supernu-

254 1526 415 1606 turelem3
436 1526 585 1614 euporius
610 1525 747 1614 proinde
777 1522 920 1590 dominio
943 1530 1032 1589 mere
1063 1513 1237 1610 humone,

254 1640 402 1718 quamvls
418 1630 553 1698 interius
567 1632 711 1699 dominio
723 1629 783 1696 uei
798 1628 959 1696 absoluto.

296 1737 480 1806 Notandum
498 1751 605 1804 temen
626 1735 808 1802 dominium
837 1734 953 1801 Christi
979 1754 1044 1807 nou
1062 1735 1240 1808 excludere

253 1841 314 1909 ulia
332 1841 487 1921 dominio,
508 1842 590 1906 siout
613 1860 803 1928 supremum
819 1841 879 1907 Dei
897 1841 1079 1909 dominium
1097 1864 1164 1910 non
1186 1865 1240 1912 ex·

255 1946 357 2013 eludit
372 1946 493 2036 privato
506 1948 662 2014 dominio.

297 2052 335 2118 2⁰
353 2053 386 2117 ln
403 2041 791 2139 ordine'ouperuuturolm
811 2093 853 2105 -
869 2053 1013 2121 Christus
1031 2055 1144 2122 imbuit
1163 2075 1233 2120 om·

252 2177 327 2224 nem
344 2169 533 2247 potestatem
562 2159 750 2251 requisitam
770 2162 810 2227 ud
836 2152 1030 2228 exercendas
1053 2160 1232 2229 functiones

252 2264 312 2354 ipsi
330 2266 507 2355 impositas.
525 2270 625 2335 Porro
642 2269 751 2335 multae
765 2276 839 2336 sunt
853 2270 959 2356 ipsius
977 2268 1172 2336 functiones.

274 2365 276 2367 ’
295 2373 330 2439 ln
343 2374 450 2463 speeie
463 2369 608 2442 Christus
623 2390 669 2442 est
682 2375 830 2442 Eeelesioe
846 2376 961 2462 Caput.
978 2375 1102 2442 Coloss.
1120 2377 1158 2456 l‚'
1170 2376 1233 2442 18:

248 2479 323 2565 Ipse
337 2491 384 2546 eol
395 2492 493 2570 eaput
508 2483 656 2567 eorporis
668 2469 817 2576 Euoleeiae
825 2505 838 2559 ;
854 2469 968 2548 ineam
981 2481 1116 2570 proinde
1130 2475 1238 2570 potest

253 2586 390 2655 influere
406 2588 516 2656 vitem.
1338 2665 1339 2676 ἶ

294 2695 467 2761 Mediator.
483 2695 594 2762 ITim.
610 2696 642 2775 2,
659 2695 691 2761 5:
709 2695 796 2761 Unus
808 2696 893 2762 euim
911 2696 1009 2776 Deus,
1028 2715 1112 2761 uum
1129 2705 1160 2760 et
1176 2689 1238 2762 me·
1338 2713 1339 2786 j

250 2801 359 2866 diutor
374 2802 436 2867 Dei
447 2812 476 2866 ot
491 2802 669 2898 lentinum,
682 2803 776 2867 ltomo
797 2802 941 2867 curtum
957 2802 1060 2879 leons,
1079 2801 1136 2886 qui
1147 2801 1237 2867 dedit

250 2908 500 2991 redemptionem
517 2908 719 2991 semetipsum
729 2929 790 2992 pro
802 2909 960 2974 omnibus.

295 3011 466 3078 Sacerdos.
487 3013 586 3078 llebr,
606 3013 640 3092 8,
661 3013 697 3078 l:
725 3015 834 3079 Talem
860 3015 1014 3080 lrabemue
1032 3014 1229 3100 pontificem,

249 3115 306 3200 qui
315 3119 457 3182 eortoedit
469 3119 501 3184 in
515 3119 647 3184 deuterii
658 3120 985 3206 eedismuqnitudint's
997 3121 1137 3186 ineoelis.
1151 3120 1232 3204 Ergo

249 3231 354 3308 potest
370 3211 583 3288 reconciliare
596 3225 760 3290 hominem
778 3247 852 3290 eum
866 3226 947 3305 Deo,
961 3227 1036 3313 ipsis
1053 3232 1072 3290 o
1088 3226 1159 3292 Deo
1173 3225 1232 3290 ob·
1338 3235 1339 3238 ’

250 3327 353 3392 tinere
369 3329 486 3412 gratias
504 3349 561 3418 per
578 3331 807 3398 mediationem
825 3333 1072 3405 socerdotalem.
1338 3325 1339 3336 ’

293 3439 564 3528 Bemleqislutor
577 3444 731 3507 etluden.
754 3436 837 3508 ilex:
865 3445 960 3512 toan.
980 3444 1033 3522 18,
1050 3443 1113 3510 57:
1139 3442 1233 3510 Dino

198 3551 199 3558 ’
250 3541 529 3630 eiPilumorerqo
545 3567 603 3613 reu
633 3568 666 3612 eo
690 3547 933 3635 intromonte
957 3551 1073 3616 lesus:-
1092 3559 1124 3613 tu
1149 3548 1229 3613 dieis
