2710 4116
606 330 804 398 -aut-

215 467 308 545 rioris
326 474 424 542 nostri
438 471 592 553 bominis,
607 473 639 540 id
659 485 707 542 est
728 475 865 554 atrimae,
884 473 1024 544 Verbum
1048 471 1081 544 in
1098 496 1200 550 carne

215 580 391 660 exstitisse3
411 578 657 667 Apollinarium,
678 581 733 667 qui
751 581 782 646 ia
806 580 932 650 Clrristo
948 603 1065 670 corpus
1082 599 1114 654 et
1127 589 1198 666 ani·

215 708 302 754 mam
317 686 548 766 admittebant,
568 687 625 754 sed
646 698 786 752 mentem
809 687 987 754 humanam
1005 692 1034 755 ci
1053 691 1197 778 denega-

215 791 304 873 bant,
325 793 429 862 Verbo
441 793 543 860 ricem
560 792 631 880 ejus
644 794 814 881 supplente
828 817 836 872 ;
849 794 1077 882 —spoliando
1092 797 1197 865 Cbris·

215 915 284 968 turn
297 900 459 966 voluntate
485 912 516 966 ct
540 901 726 988 operatione
751 901 913 966 humana:
932 903 1191 986 llonothelistoe,

217 1001 272 1090 qui
286 1003 413 1070 unicam
437 1003 654 1087 agnoscebant
671 1003 702 1070 in
718 1003 843 1070 Christo
856 1004 1053 1072 voluntatem
1071 1021 1102 1074 ct
1118 1030 1197 1096 ope·

215 1109 387 1188 rationem,
406 1108 527 1175 scilieet
547 1109 700 1176 divinam.

263 1207 352 1282 Circa
364 1215 516 1282 unionem
526 1225 652 1282 notttroe
664 1216 819 1284 dioirtaect
833 1217 984 1282 lrurnoarc
994 1241 1005 1280 .·
1016 1215 1185 1296 Nestorius,

215 1322 274 1408 qui
296 1321 459 1410 duplicem
491 1321 671 1390 allirmnbat
695 1344 867 1412 personam
894 1323 1013 1388 unione
1039 1323 1194 1391 duntaxat

216 1424 332 1492 morali
349 1424 568 1514 conjunctam.
587 1425 699 1492 Aiebat
719 1427 824 1492 enirn:
843 1425 985 1494 Verbum
1007 1427 1039 1491 in
1062 1426 1198 1494 homine
1267 1493 1271 1500 ,

218 1527 344 1598 Christo
357 1531 519 1600 habitasse
536 1531 689 1619 tanquam
710 1533 743 1598 io
766 1528 907 1620 templo;
928 1532 1081 1600 unionem
1099 1529 1198 1600 Verbi

216 1658 291 1707 oum
305 1637 504 1706 humanitate
521 1659 592 1706 esse
608 1639 760 1718 duntaxat
780 1637 933 1715 allectus;
958 1635 1101 1704 Verbum
1121 1659 1197 1706 cunr

125 1825 129 1832 ¹
215 1743 414 1812 humanitate
424 1767 498 1812 csse
514 1746 642 1812 unitum
658 1746 840 1812 secundnm
855 1744 1077 1832 operationem
1092 1794 1100 1824 ,
1118 1747 1197 1834 ‚quia

215 1849 400 1932 humanitas
414 1864 482 1919 erat
497 1852 593 1921 Verbi
615 1853 881 1928 instrumentum,
899 1849 1080 1928 secundum
1098 1852 1198 1940 parti-

166 1959 172 1970 '
216 1957 423 2046 cipationcm,
442 1959 517 2045 qaia
545 1959 687 2034 Verbum
709 1958 833 2028 bomini
856 1957 1072 2044 impertiverat
1090 1957 1199 2049 digni·

215 2075 314 2139 tatem
329 2085 421 2132 suam
434 2073 470 2132 ut
481 2068 569 2134 Deus
579 2079 612 2132 et
626 2065 724 2158 Vilius
737 2064 796 2130 Dei
813 2059 1041 2152 appellaretur.
1055 2065 1116 2130 Per
1130 2085 1200 2131 mo·

215 2166 295 2240 dum
316 2172 475 2240 corollarii
500 2173 638 2259 negabat
660 2173 698 2238 li.
728 2169 892 2256 Virginem
911 2190 983 2236 esse
999 2158 1174 2258 Deiparaor
1186 2193 1195 2250 ;

214 2290 284 2359 erat
300 2279 387 2345 enim
409 2284 532 2348 tantiam
550 2293 698 2367 personat
712 2277 865 2344 humanae
880 2270 1026 2362 genitrix.
1042 2313 1085 2324 —
1097 2276 1195 2358 Euty-

215 2384 304 2464 obcs,
322 2385 378 2472 qui¹
394 2384 574 2454 affirmabat
585 2387 715 2454 unicam
732 2396 879 2450 naturam
897 2384 929 2450 in
947 2380 1068 2448 Christo
1089 2377 1190 2446 luisse

218 2501 291 2578 post
305 2492 577 2558 incarnationem.
596 2491 688 2557 Unde
701 2487 886 2577 Eutychiani
898 2484 1125 2575 llonopbysitae
1137 2505 1195 2574 ap·

216 2597 324 2686 pellatl
341 2612 427 2668 sunt.
444 2599 564 2666 llaeresi
575 2594 870 2688 llonopbysltarum
883 2595 987 2665 alliais
1004 2606 1051 2660 est
1062 2591 1196 2658 haeresis

215 2704 496 2774 llonotbelitarum
515 2707 556 2773 de
572 2713 636 2794 qua
652 2708 763 2792 supra.
783 2703 911 2785 Quibus
934 2701 1061 2788 positis,

261 2813 370 2896 Quen.
391 2810 763 2880 Utrrlmcdmr‘ttetrolcar't
780 2809 871 2875 Verbi
881 2808 1059 2886 incarnati,
1074 2825 1131 2872 acu
1148 2805 1198 2874 Irt·

216 2919 417 2986 attractionis
432 2919 627 2987 existentia?

218 3009 219 3012 ¹
261 3021 351 3092 Rasa.
369 3025 571 3092 Admittenda
589 3036 637 3090 est
655 3021 750 3092 Verbi
768 3022 944 3101 incarnati,
968 3042 1026 3093 seu
1048 3021 1198 3090 lacerna·

216 3131 312 3197 tionis
328 3131 508 3198 existentia.

260 3238 356 3302 Peon.
368 3236 407 3300 ll.
426 3233 564 3302 Ecclesia
581 3228 768 3302 uniuersalis
793 3233 897 3300 crodit
912 3233 1029 3316 dogma
1046 3232 1198 3300 lacerna·-

216 3337 312 3408 tionis
329 3337 362 3402 ia
378 3357 476 3407 seusu
494 3337 719 3425 explicato-
731 3337 812 3420 Qua
830 3337 912 3402 fides
929 3333 1078 3422 explicite
1095 3331 1198 3397 mani·

215 3439 350 3516 lectatur
365 3447 398 3512 ia
420 3444 568 3534 symbolo
585 3445 618 3512 S.
637 3444 813 3532 Athanasii,
836 3443 924 3529 quod
939 3438 1130 3506 auctoritato
1142 3437 1197 3516 lie·

216 3551 322 3622 clesito
339 3552 511 3619 recitatur:
534 3552 588 3618 Eat
602 3569 679 3635 ergo
697 3548 777 3637 fider
793 3558 903 3624 recta,
922 3554 958 3610 ttt
982 3543 1155 3610 credamur
1168 3549 1200 3604 et

215 3661 435 3742 confiteamur,
453 3658 531 3742 quic
559 3655 715 3724 Dominam
735 3665 844 3720 noster
865 3653 957 3718 Jecur
977 3649 1122 3716 Clrrirtttr
1135 3645 1199 3734 Dei
