2622 4154
517 257 693 320 ...53-

110 397 290 487 positiones
320 393 451 460 aliunde
479 395 565 460 clarc
593 407 626 460 et
646 395 830 461 immediate
857 396 888 460 in
911 398 1010 464 verbo
1038 399 1100 466 Ilei

111 514 296 573 contentas.

155 610 188 675 5.
202 604 452 694 Propositiones
468 625 541 692 qnae
555 605 636 671 niltil
652 607 739 674 aliod
762 615 837 673 sunl
850 611 951 694 quim
972 611 1101 697 exposi

115 718 169 794 tio,
187 736 245 782 seu
266 711 412 778 evolutio
424 711 608 778 immediata
626 713 963 780 extensioniaalleritts
982 717 1099 802 propo·

113 821 237 888 sitioni‘s
253 817 391 883 aliunde
404 815 489 882 clare
501 809 661 884 revelatae:
671 819 724 886 Sic
738 841 768 886 v.
783 839 815 904 g.
829 821 898 888 liaeo
910 821 1100 908 propositio:

122 927 153 992 S.
169 926 343 990 llottlttetts
359 923 484 1007 accepit
496 915 653 1008 Spiritum
666 923 700 990 S.
724 938 773 992 est
789 927 830 992 de
846 925 923 1005 fiale,
942 930 1017 1015 quin
1039 929 1100 994 im·

125 1032 258 1098 mediate
277 1030 409 1117 exponit
425 1037 457 1094 et
473 1031 827 1098 evolvit-extensionem
848 1032 985 1121 subjecti
1003 1034 1101 1122 hujus

129 1139 249 1203 alterius
266 1133 515 1223 propositionis:
537 1137 655 1202 Omnes
670 1138 821 1222 Apostoli
838 1145 998 1226 (qaorum
1016 1160 1103 1205 unus

140 1249 201 1306 erat
217 1243 254 1306 S.
279 1240 457 1322 nanltaeust
480 1253 674 1326 acceperant
701 1243 860 1328 Spiritum
885 1245 937 1324 S„
960 1265 1034 1332 qnae
1054 1253 1102 1313 est

144 1344 218 1410 ctare
234 1345 372 1411 revelata.
1084 1353 1089 1368 '

172 1451 202 1516 l.
223 1451 462 1538 propositiones
477 1471 551 1537 qnae
566 1451 647 1516 nihil
665 1452 754 1518 aliud
768 1465 843 1518 sunt
855 1457 954 1540 quim
971 1453 1055 1518 clara
1070 1467 1102 1522 et

129 1551 304 1624 immediata
333 1556 474 1622 evolutio
491 1559 786 1642 comprehensionis
803 1558 933 1624 alterius
956 1561 1102 1648 proposi-

126 1661 211 1728 tionis
227 1658 361 1728 attonde
378 1661 463 1728 clare
481 1663 641 1730 revelatae.
658 1665 709 1731 Sic
726 1683 756 1730 v.
769 1685 803 1750 g.
824 1665 893 1732 haee
921 1665 1103 1754 propositio

124 1770 299 1858 (supposito
317 1769 407 1854 qunti
425 1769 555 1834 aliunde
563 1768 632 1856 jhm
646 1793 712 1836 non
728 1771 768 1836 sii
784 1771 1098 1859 positivcretelela):

125 1875 269 1941 Christus
285 1884 332 1939 est
344 1883 494 1955 ceteram,
508 1888 592 1940 esset
607 1877 648 1940 tle
665 1873 740 1954 fide,
755 1877 830 1962 qnia
844 1877 1031 1945 immediate
1047 1899 1102 1944 ex·

120 1981 206 2067 ponit
218 1979 550 2067 comprehensionem
564 1980 818 2068 attributiltttjus
833 1983 964 2050 alterins
978 2004 1099 2074 propos

119 2087 241 2155 sitionis
254 2086 342 2154 clere
353 2085 522 2154 revelatae:
540 2090 685 2154 Cltriettts
697 2099 743 2154 esi
759 2091 860 2155 Deus.

132 2215 134 2218 ·
159 2199 196 2264 ii.
219 2195 565 2284 propositionesque,
584 2197 658 2264 licet
682 2198 835 2286 implicite
853 2209 884 2265 et
903 2198 1104 2266 subobscure

118 2313 281 2368 eontentae
298 2300 329 2366 in
347 2301 512 2390 scripture
530 2317 586 2371 etit
597 2305 795 2385 Traditione,
816 2305 901 2371 clare
914 2317 945 2372 et
957 2305 1106 2393 explicite

118 2409 265 2476 definitae
282 2407 416 2474 luerunt
430 2410 469 2475 ab
486 2414 675 2480 auctoritato
697 2413 924 2490 ecclesiastice,
944 2412 1037 2499 cnjus
1054 2413 1103 2478 in·

24 2547 29 2590 t
117 2513 297 2582 lailibilitas
321 2515 413 2584 circa·
438 2518 607 2582 materiam
639 2515 804 2582 definitam
831 2517 954 2604 absque
985 2515 1103 2580 h-oeresi

118 2623 232 2709 negari
252 2631 403 2710 nequeat.

164 2728 332 2796 Praedietis
344 2723 584 2794 conditionibus
601 2745 666 2789 non
680 2722 892 2802 satisfaciunt,
909 2741 945 2788 ac
967 2720 1106 2812 proinde

119 2856 186 2901 non
200 2843 277 2900 sunl
292 2835 333 2901 de
349 2835 414 2900 lide
425 2833 531 2900 divina
544 2830 723 2899 catholici:

169 2941 202 3006 l..
223 2939 455 3007 Conclusiones
473 2938 663 3024 theologiam
684 2935 814 3026 proprie
831 2935 937 3016 dietae,
956 2937 1107 3005 deductae

124 3065 159 3110 ex
174 3044 304 3110 duabus
328 3045 504 3131 praemissis
527 3044 687 3123 revelatis,
707 3043 880 3129 antequam
902 3043 942 3108 ab
966 3043 1107 3109 Ecclesia

123 3150 335 3217 deliniantur.
353 3187 397 3200 -
410 3151 576 3217 Dicimus:
597 3150 817 3215 cortclttsiottce
830 3152 967 3234 proprie
989 3151 1102 3226 dicem

123 3257 155 3321 id
174 3270 221 3324 est
238 3255 465 3323 conclusiones
486 3255 559 3344 qnae
584 3261 649 3321 non
663 3269 746 3322 'sunt
771 3276 869 3322 meree
892 3257 1115 3344 expositiones

124 3362 382 3448 propositionum
398 3363 581 3428 immediate
598 3363 823 3439 revelatorum,
844 3361 875 3425 in
893 3361 1012 3446 quibus
1036 3373 1106 3426 tan-

125 3475 224 3552 quam
242 3467 405 3552 singulare
422 3469 453 3534 in
471 3468 656 3547 universali,
681 3469 729 3534 vel
751 3470 859 3534 minias
872 3465 1055 3555 explicitum
1073 3467 1105 3533 in

126 3581 231 3659 tnagis
256 3575 404 3662 explicito
426 3575 608 3670 necessario
629 3573 858 3656 'eontinentur'²
874 3575 929 3643 sed
952 3574 1014 3642 illae
1033 3595 1107 3661 qnae
