2622 4154
629 335 805 402 ..70-

227 479 321 548 tionis
333 473 738 562 condiciuncusiqatdem,
750 486 786 540 ut
797 475 894 562 suprb
906 472 1092 554 debuimus,
1107 495 1211 562 geue·

225 583 306 650 ratio
323 595 371 650 est
387 589 476 648 octus
488 579 636 668 principii
652 580 801 658 virentis,
819 579 849 644 ui
865 577 960 666 cujus
981 582 1112 668 propriu
1131 603 1209 670 pro·

225 692 355 768 ducitur
367 709 425 777 per
437 684 763 756 communicationem
778 683 966 750 substantioe
987 686 1147 752 terminus
1161 688 1208 754 vi·

225 819 304 865 rcus
319 796 499 864 secundum
519 791 763 859 similitudinem
787 803 923 856 naturus.
949 790 1049 858 Porro
1069 791 1141 880 lteec
1157 805 1206 862 est

226 903 393 994 processio
410 899 499 967 Filii:
519 901 612 966 Pater
628 899 668 964 ab
685 917 753 966 sevo
770 917 805 962 se
820 895 945 976 uidens,
963 895 993 962 vi
1011 898 1144 986 proprio
1155 919 1206 967 ae.

225 1016 278 1076 tus
295 1007 527 1092 intelligentiae,
545 1025 654 1072 veram
670 1002 753 1092 parit
766 1001 939 1086 imaginem
948 1001 1016 1082 sui;
1031 1003 1206 1090 imaginem

226 1115 351 1182 infinite
367 1112 555 1202 perfectam,
580 1111 657 1177 ciam
671 1122 765 1176 ¹octus
783 1107 1003 1193 intelligentie
1022 1108 1065 1176 ait
1084 1103 1206 1177 infinite

226 1221 408 1310 perlectus;
426 1217 604 1303 imaginem
614 1215 751 1304 proinde
760 1213 934 1294 viventem,
951 1214 1201 1296 substantialem,

227 1324 444 1416 personalem,
458 1324 490 1390 in
503 1327 570 1411 qut
583 1321 646 1389 vita
663 1319 842 1388 etcssentit
853 1318 960 1388 diuina
976 1319 1206 1411 perfectissimi

228 1432 417 1502 reflectitur.
436 1430 531 1516 Ergo.

271 1538 374 1609 Prob.
388 1537 437 1605 Ψ.
451 1537 489 1604 ln
503 1534 652 1624 pluribus
666 1534 842 1623 Scripturoe
857 1531 950 1614 locis,
969 1533 1067 1600 Filius
1083 1535 1206 1602 dicitur

226 1645 353 1712 antre
367 1641 512 1729 genitus:
523 1639 592 1727 Epo
608 1639 703 1706 bodie
716 1639 815 1726 perrari
829 1649 870 1705 te.
894 1637 1077 1727 Uniperritus
1099 1637 1206 1704 lr'iliur

226 1750 285 1836 qui
300 1758 347 1814 est
360 1748 394 1814 in
406 1746 481 1812 unu
496 1743 621 1809 Putris.
1193 1809 1195 1818 ,

271 1852 374 1922 Prob.
399 1851 447 1918 δ’.
462 1848 574 1938 Symb.
594 1849 629 1916 S.
647 1846 777 1915 Athon:
789 1849 891 1919 Filius
909 1847 1127 1918 &Putresolo
1144 1857 1203 1930 est,

226 1977 293 2031 non
309 1959 427 2041 factus,
444 1974 502 2021 nee
522 1964 667 2034 creatus,
680 1955 739 2022 secl
747 1951 1055 2040 penitere-Symb.
1069 1952 1209 2020 Nicen:

230 2064 376 2133 Credo...
393 2063 544 2130 inlesum
561 2063 736 2143 Christum,
758 2061 875 2131 Filium
899 2060 962 2128 Dei
981 2060 1211 2148 bbipenitttm3

226 2181 309 2240 cleo
329 2171 429 2237 Patre
443 2169 600 2238 notum..)

241 2341 286 2396 11¹.
299 2339 409 2406 Spiritus
422 2341 449 2391 S.
460 2340 476 2390 a
489 2341 565 2391 Patro
578 2337 692 2402 Filioque
706 2338 823 2402 procedit
837 2352 883 2404 per
896 2335 1072 2406 spirationem,
1087 2351 1134 2391 seu
1148 2345 1196 2404 per

617 2422 823 2476 aetumemoris.
862 2488 868 2497 Ι
987 2463 990 2470 ,

269 2559 344 2627 Not.
359 2557 484 2646 Duplex
496 2559 704 2645 distinguitur
714 2558 858 2648 spiratio,
871 2559 978 2626 aetion
989 2559 1120 2648 nempe,
1133 2577 1209 2646 quae

224 2663 306 2734 nibil
322 2665 410 2732 uliud
421 2678 469 2732 est
483 2672 581 2754 quiam
594 2666 825 2746 aetusamoris,
840 2667 1029 2756 etpnssioa,
1043 2686 1101 2732 seu
1115 2685 1211 2732 emor

225 2773 416 2862 productus.
437 2773 511 2856 Quo
528 2773 710 2862 praemisso,

272 2879 503 2968 propositionis
522 2882 672 2966 superius
696 2877 870 2946 enuntiatae
894 2876 1054 2946 constabit
1069 2875 1208 2962 veritas,

226 2982 253 3048 si
278 2983 456 3068 probentur
484 2997 683 3070 sequentes,
704 2984 844 3051 scilicet:
864 2984 897 3054 l.
916 2983 1068 3070 Spiritum
1092 3001 1210 3068 proce·

224 3084 303 3152 dere
318 3087 335 3150 d
353 3087 456 3164 Patre,
476 3085 509 3153 Ξ.
538 3089 715 3174 procedere
741 3095 760 3153 d
779 3089 876 3167 Filio,
895 3085 929 3155 5.
948 3083 1124 3176 procedere
1147 3104 1212 3172 per

114 3240 116 3244 .
226 3188 458 3276 spirationem,
485 3190 519 3256 l.
550 3192 576 3257 si
600 3193 756 3286 probetur
776 3193 860 3264 bane
877 3191 1118 3282 processionem
1142 3211 1211 3259 uon

103 3385 105 3398 ι
224 3316 296 3366 esse
313 3296 575 3382 generationem,
588 3300 700 3386 Atqui,

271 3402 601 3492 l⁸Ppo.-Spiritus
619 3405 654 3472 S.
673 3411 690 3472 d
708 3407 800 3472 Patre
822 3403 980 3493 procedit.

269 3509 373 3578 Prob.
397 3510 445 3576 lt.
463 3511 559 3578 loon.
585 3513 640 3592 lb,
662 3511 731 3578 2611.
756 3512 835 3577 Crlm
856 3511 980 3576 venerit
1001 3510 1208 3589 Paracletus,

220 3635 317 3698 ouem
332 3635 390 3701 epo
400 3617 626 3684 mittomoobir
644 3617 791 3698 eiPutrc,
807 3617 968 3702 Spiritm
978 3616 1138 3694 ocritotie,
1153 3616 1212 3700 qni

223 3719 246 3783 ti
261 3717 359 3782 Patre
367 3722 527 3803 procedit,
542 3722 597 3788 illc
610 3723 828 3789 testimonium
842 3721 1024 3810 perhibebit
1039 3723 1081 3789 cle
1094 3741 1169 3787 mcc·
