2710 4116
587 327 631 342 -
655 289 721 356 alu
744 325 789 341 -

375 457 412 508 11.
427 451 656 511 numantinum,-
669 453 690 502 l.
706 451 856 514 inamoena,
868 447 990 502 saluca:-

235 597 261 666 t.
279 593 733 682 Intelligentiae.-Quomodir
742 601 992 678 protoparentes
1004 589 1176 659 scientiam

192 716 221 770 et
236 703 485 788 incapacitatem
500 703 623 767 erroris
634 698 827 766 amiserint?
895 695 898 704 '

234 810 331 896 Hesp.
346 810 381 874 l⁰
398 807 580 874 amiserunt
603 805 769 873 scientiam
795 803 1099 892 supernaturalem,
1117 829 1178 874 seu

194 1013 207 1040 r
222 1007 284 1050 cnm
296 995 355 1046 tota
366 994 501 1058 oripinatt
513 993 603 1056 calpa,
615 1004 712 1056 partas
725 993 821 1044 uamnl
830 993 902 1043 citra
912 1001 1023 1054 ponam
1036 993 1112 1052 tants
1122 1006 1180 1056 pa-
1237 984 1239 990 ’

194 1093 206 1118 r
222 1076 349 1136 riantur,
362 1075 474 1136 amnne
487 1086 520 1124 ar
533 1074 558 1122 at
572 1073 620 1123 tor
633 1073 694 1134 tpso
715 1072 786 1134 anati
800 1073 847 1134 pul
868 1082 979 1133 panum
999 1071 1074 1132 tanis
1086 1084 1176 1124 mmo-

193 1156 305 1212 noent,
322 1153 478 1206 inducerent
504 1154 591 1203 mcum
614 1153 694 1202 iliram
715 1145 740 1201 el
761 1154 866 1202 statam
888 1151 1019 1207 maiam,
1035 1153 1171 1211 orantem
1243 1209 1249 1218 .

193 1255 205 1282 e
221 1233 307 1296 catpoe
319 1234 343 1283 et
363 1243 458 1296 pana,
474 1233 546 1284 tator
562 1243 675 1291 reanum
689 1232 748 1291 Det,
766 1232 790 1280 et
803 1227 1008 1280 damnat-ionem
1033 1231 1167 1292 aternam,

192 1333 205 1360 »
221 1313 328 1375 quanm
351 1312 722 1375 tooummnturmtaaiani,
738 1310 825 1373 fana,
844 1311 1009 1373 lacoraria,
1024 1310 1055 1360 tn
1070 1310 1172 1362 sciolus

193 1405 207 1432 a
221 1391 369 1442 catholicas
381 1394 528 1454 interiora,
546 1391 702 1440 declaratur.

224 1493 236 1520 e
253 1470 341 1533 itaque
355 1470 378 1520 si
385 1476 468 1521 status
479 1471 587 1521 istorum
599 1466 884 1535 parrulommjmtattoo
891 1473 1024 1532 spectetur
1033 1467 1066 1518 ad
1079 1481 1176 1532 supet&

191 1549 366 1600 »naturalem
383 1549 586 1611 beatitudinem,
604 1563 618 1598 a
636 1561 685 1612 qaia
703 1562 751 1612 per
768 1547 893 1612 originale
914 1555 1046 1610 peecatum
1066 1547 1176 1606 excide?
1240 1564 1243 1568 ·
1333 1561 1334 1576 ¹

191 1645 203 1672 r
221 1635 291 1690 runt,
307 1629 386 1680 habet
399 1629 526 1680 rationem
542 1641 623 1691 poenae
636 1640 666 1678 ac
680 1627 861 1688 damnationis,
877 1635 904 1678 et
917 1631 977 1676 sunt
990 1624 1117 1687 eiusmodi
1130 1627 1175 1686 inf

192 1729 204 1756 e
219 1706 303 1758 iantes
316 1720 332 1756 a
345 1705 398 1758 lieo
411 1707 502 1758 saitem
517 1707 637 1772 negative
651 1707 746 1769 aversi,
761 1712 814 1757 etc.
830 1705 857 1756 sl
879 1711 966 1758 autem
986 1709 1116 1768 spectetur
1137 1703 1173 1756 in

192 1801 204 1830 r
220 1795 248 1837 te
266 1789 295 1836 et
307 1786 437 1844 absolata,
451 1799 510 1836 cum
529 1799 575 1848 per
598 1796 732 1848 peccatum
747 1786 864 1836 homines
878 1783 944 1834 nihil
963 1784 996 1836 de
1010 1783 1173 1848 naturalitate

190 1882 203 1908 r
221 1863 364 1925 amiserint,
380 1864 439 1914 talis
456 1870 498 1914 est
514 1863 623 1914 istorum
642 1865 805 1926 parvulorum
823 1863 947 1922 conditio,
966 1863 1051 1926 qualis
1068 1863 1171 1928 luisset,

189 1943 429 2004 »antemnaque
447 1948 590 2005 peccasset,
609 1955 694 2006 neque
711 1945 828 1996 elevatas
845 1943 879 1996 ad
896 1947 992 1994 statum
1009 1949 1170 2006 supernata*

188 2037 202 2068 a
218 2020 299 2070 ralem
313 2019 412 2081 luisset,
428 2033 476 2071 seu
489 2021 515 2070 in
528 2021 675 2072 conditione
691 2037 760 2086 purte
771 2031 878 2076 naturae.
892 2021 957 2080 ilino
971 2023 996 2074 S.
1009 2023 1132 2086 Thomas,
1148 2025 1172 2074 io

77 2101 83 2117 '
189 2118 202 2144 s
218 2095 234 2146 2
250 2097 334 2158 Stat„
347 2099 410 2149 anst.
426 2099 469 2162 55,
483 2114 510 2164 q.
525 2101 551 2164 i,
563 2107 613 2154 art.
628 2102 655 2168 ⁶2,
672 2103 703 2152 ati
718 2104 744 2166 5,
760 2103 793 2154 de
808 2101 936 2166 ejusmodi
950 2101 1094 2152 infantibus
1108 2103 1174 2154 scri-

185 2197 202 2224 »
217 2174 275 2226 bite
300 2177 359 2228 Stoi
382 2177 468 2242 (Deo)
486 2183 644 2242 innonatur·
660 2195 711 2244 par
733 2182 976 2246 participationem
996 2183 1174 2236 naturalium

190 2269 202 2298 r
220 2256 363 2318 oonontm,
381 2259 406 2307 et
419 2259 462 2308 ita
473 2261 557 2311 ctiam
570 2261 604 2312 aa
618 2263 677 2324 ipso
689 2263 807 2324 paudere
817 2263 945 2326 poteram
968 2261 1094 2311 naturate·
1105 2275 1172 2324 cop-

188 2351 202 2381 »
217 2335 323 2387 nitione
335 2337 360 2386 et
373 2337 523 2398 dilectione.

219 2413 388 2478 »angelicus
415 2417 493 2484 igitur
518 2419 633 2479 lloctor,
661 2427 737 2484 prout
748 2420 846 2484 iamdiu
873 2419 1102 2472 animadverterant
1128 2418 1168 2470 lie

188 2525 201 2552 a
218 2499 311 2551 Lemos
324 2513 354 2550 ac
368 2498 483 2561 mlluart,
498 2499 539 2550 llis
557 2500 668 2562 parvulis
684 2500 773 2551 tribuit
786 2502 853 2552 bona
868 2502 1002 2564 naturalia,
1016 2508 1043 2554 et
1055 2499 1171 2565 aliquem

188 2593 201 2622 s
218 2579 362 2630 naturalem
377 2577 422 2628 Del
445 2592 559 2630 amorem
574 2587 601 2630 et
615 2581 746 2646 gaudium.
765 2581 839 2632 Nullo
863 2595 925 2634 vero
939 2583 1015 2634 motio
1031 2595 1077 2634 eos
1094 2593 1171 2646 poena

186 2681 199 2710 s
214 2671 307 2712 sensus
321 2657 387 2710 affici
400 2658 456 2710 luse
468 2659 590 2719 ostendit,
604 2660 654 2710 loc.
663 2661 719 2722 citt,
734 2659 861 2724 diluitque
869 2661 1031 2716 difficultates
1045 2662 1172 2726 desump-

188 2753 200 2780 ν
216 2745 256 2790 tas
269 2752 300 2790 ex
313 2737 404 2790 llatth.
419 2737 492 2798 XXV,
508 2745 535 2790 ct
554 2753 585 2790 ex
603 2740 710 2791 vicibus
723 2741 862 2805 supplicii,
878 2743 1016 2804 tormenti,
1032 2743 1173 2805 aetenam,

186 2837 200 2866 a
215 2819 353 2870 otmoiattta
367 2819 470 2880 aterni,
485 2818 580 2882 quibus
595 2825 654 2882 post
667 2821 838 2884 Augttstinum
860 2827 951 2872 auctor
963 2821 1171 2884 prnanoait'ol,

187 2916 200 2944 r
215 2899 364 2966 Fulgentius
377 2906 404 2950 et
417 2901 555 2965 Gregorius
569 2903 603 2952 ll.
618 2903 734 2952 usisunt.
749 2904 811 2954 Nam
825 2903 920 2954 Christi
931 2903 1056 2967 iudicium
1067 2905 1173 2960 disan?

186 2991 198 3019 a
214 2977 300 3027 atonis
313 2976 428 3031 ostendit
442 2991 525 3042 neque
539 2979 670 3042 pertinere
684 2978 717 3028 ad
731 2979 780 3030 hos
792 2979 913 3040 infantae,
927 2978 1058 3044 nequead
1072 2979 1171 3030 infide-

186 3069 201 3098 n
215 3055 298 3114 leain
314 3056 408 3120 qttibns
423 3057 486 3108 tides
496 3070 547 3106 non
556 3056 604 3106 luit
613 3057 805 3110 fundamentum
820 3059 989 3126 meritorum
1004 3058 1097 3111 citatos
1107 3071 1170 3110 uero

184 3139 332 3186 »auctores
350 3137 425 3197 torno
438 3136 495 3187 illas
516 3148 593 3188 voees
610 3137 742 3202 accepisse
757 3151 806 3204 pro
817 3151 912 3204 pana,
932 3145 959 3190 et
987 3139 1099 3202 speciem
1121 3151 1170 3202 pro

184 3228 198 3257 a
213 3225 310 3276 genera
320 3215 449 3275 posuisse.
665 3259 667 3263 .
1084 3261 1087 3268 .

216 3307 230 3335 »
247 3291 344 3344 Deinde
358 3292 384 3341 io
407 3301 497 3357 quast.
513 3296 540 3358 it,
554 3297 585 3349 eit
605 3299 691 3360 nato,
720 3299 834 3352 ostendit
861 3298 970 3351 eosdem
993 3298 1170 3363 parvuloslex

183 3388 196 3416 r
212 3371 305 3424 amissa
317 3371 476 3426 beatitudine
490 3379 687 3442 snpematurali,
701 3381 770 3430 nulia
785 3380 851 3430 allici
864 3380 978 3444 tristitia,
988 3386 1041 3432 tum
1055 3377 1115 3442 quia
1126 3377 1169 3428 in-

183 3469 195 3496 »
212 3451 327 3504 debitam
343 3453 393 3504 sibi
407 3465 467 3506 esse
481 3465 639 3522 cognoscum
652 3457 721 3509 illam
734 3459 920 3510 beatitudinem
943 3459 979 3510 ob
1000 3457 1060 3510 toae
1073 3468 1170 3520 penta-

182 3549 194 3575 »
211 3541 263 3584 tum
278 3543 447 3599 contractum,
463 3545 516 3590 tum
531 3541 591 3604 qnia
605 3542 654 3592 etsi
668 3542 833 3604 perspicuum
845 3542 959 3592 lrabeant
971 3555 1002 3595 so
1013 3539 1170 3602 attalianum

181 3625 192 3658 a
207 3611 394 3669 beatitudinem
408 3617 529 3669 eondims
545 3619 637 3681 laissa
648 3620 754 3672 minime
783 3626 944 3688 cognoscunt
960 3621 1028 3672 lianc
1054 3616 1170 3684 positam

1319 514 1328 718 'l

1324 778 1328 913 l

1325 916 1329 965 l
