2640 4150
640 457 685 472 -
711 417 774 488 tta
795 455 840 470 -·-

254 546 633 635 tantumtanturn
666 559 881 627 incarnatum.
912 553 1053 625 Proinde
1083 556 1230 630 Christus

253 667 372 736 meruit
386 666 522 752 gratiam
533 662 657 732 homini
671 665 761 754 lapso
776 667 914 744 tantum,
930 684 996 730 non
1011 670 1088 732 vero
1104 663 1228 734 homini

254 773 430 843 innocenti.
974 759 976 764 ¹
1036 760 1040 764 ’

299 877 340 944 Ut
351 873 563 965 probabilior,
580 873 798 941 communiter
813 871 994 940 admittitur
1011 874 1122 963 opinio
1142 873 1228 942 mo-

254 983 435 1051 mistarum.
461 981 510 1048 lie
530 979 591 1048 hae
607 980 787 1067 quaestione
811 979 914 1048 insitis
938 980 1051 1048 ubido
1071 981 1228 1050 locaran-

254 1087 351 1153 tione.

297 1191 341 1258 ΙΙ.
367 1191 521 1278 Tempus.
550 1227 597 1240 -
616 1189 765 1272 Quonam
787 1197 929 1274 tempore
955 1206 1112 1258 concesso
1132 1189 1227 1277 suoru

252 1293 379 1364 Adomo·
390 1295 500 1381 oratio
511 1293 709 1360 habitualis?

298 1397 530 1486 arenceium
547 1409 595 1465 est
611 1417 683 1464 eom
703 1395 804 1464 fuisse
824 1407 897 1464 onte
913 1410 1081 1486 peccatum
1099 1417 1228 1466 concas·

253 1523 339 1582 sam;
357 1522 433 1570 nant
455 1500 578 1569 concil.
596 1499 689 1567 Trid.
707 1507 781 1566 ante
797 1500 930 1567 citatum
950 1501 1045 1568 docet
1070 1502 1228 1569 Ademum

252 1609 417 1698 peccando
427 1607 577 1676 amisisse
595 1606 798 1676 sanctitatem
811 1606 1004 1694 etjustitism
1016 1607 1049 1673 in
1070 1611 1134 1694 qua
1151 1627 1229 1673 oon·

254 1715 384 1784 stitutus
400 1714 518 1784 iuerat.

298 1819 552 1889 Controvertitur
562 1825 671 1886 sutem
683 1822 793 1886 utritm
803 1838 954 1888 concesso
965 1816 1062 1886 tuerit
1077 1816 1109 1884 in
1121 1817 1229 1906 prituo

254 1927 426 1994 creationis
443 1924 584 2007 instanti,
603 1945 644 1992 nn
660 1931 733 2014 post
748 1925 959 1994 creationem.
980 1961 1024 1976 -
1037 1923 1166 2014 Duplex
1185 1934 1232 1990 eat

255 2032 378 2121 opinio.
1213 2061 1215 2066 ·

300 2137 441 2220 Quidem
459 2137 562 2220 (inter
584 2156 668 2226 quos
695 2135 818 2217 niens,
845 2135 994 2223 Magister·
1014 2148 1172 2217 sentent,
1196 2134 1229 2203 S.

253 2242 390 2325 Bonam,
413 2244 516 2323 Scot,
534 2250 610 2326 eto.)
636 2242 798 2311 affirment
821 2243 957 2328 gratiam
981 2241 1105 2310 adamo
1134 2241 1232 2310 tuisse

255 2350 362 2418 datam
379 2361 449 2438 post
466 2351 676 2417 creationem.
691 2349 889 2424 Sententiam
913 2349 1052 2439 probant
1070 2349 1106 2416 1⁰
1123 2361 1233 2418 aucto·

253 2453 346 2522 ritate
359 2453 416 2522 SS.
429 2452 591 2543 Cypriani,
602 2453 781 2542 angustini,
793 2456 850 2542 qni
861 2475 933 2524 eam
941 2455 1112 2525 admittere
1124 2457 1234 2524 riden-

253 2569 326 2638 tur3
354 2558 391 2626 2⁰
414 2559 657 2628 convenientiae
682 2561 826 2650 oportuit
853 2581 936 2650 optas
961 2568 1088 2630 natum
1120 2562 1232 2632 distin-

254 2665 310 2752 gui
326 2664 367 2733 ah
388 2685 487 2754 opere
501 2666 632 2752 gratiae,
652 2671 685 2734 et
699 2666 775 2734 tdeo
799 2665 966 2744 hominem
982 2667 1089 2754 primo
1115 2667 1229 2746 creari.

251 2771 371 2840 deinde
382 2769 565 2860 justificari.
583 2771 685 2840 Homo
708 2770 838 2840 adultus
860 2791 926 2840 non
944 2771 1141 2859 justificatur
1162 2773 1232 2842 sine

252 2879 392 2969 propriis
415 2879 540 2946 acubus
548 2901 558 2958 ;
582 2877 797 2968 improbabile
813 2889 862 2944 est
879 2889 988 2946 autem
1011 2877 1171 2946 adamum
1200 2879 1231 2944 in

254 2985 359 3073 primo
380 2985 551 3055 creationis
567 2985 696 3070 instanti
704 2984 854 3075 posuisse
869 3003 987 3053 omnes
999 2997 1090 3052 actus
1106 2985 1148 3052 ad
1160 2983 1232 3073 ius·

253 3087 463 3157 tiiioationem
479 3091 694 3161 necessarios.

298 3193 393 3262 iuxta
402 3192 546 3278 atinati).
561 3197 873 3280 'rhomamsusren
885 3205 975 3284 eto),
987 3215 1130 3286 qnorum
1143 3216 1231 3268 oont-

150 3347 152 3352 ι
253 3294 443 3370 muniorest
453 3299 576 3388 opinio,
587 3301 689 3388 gratia
701 3302 1230 3374 sonuitieantedonatussstndam

252 3403 370 3474 eodem
386 3403 516 3472 instanti
533 3427 598 3496 quo
615 3406 845 3479 internatus·
975 3438 977 3442 ·
1032 3483 1036 3488 .

296 3507 357 3574 Pr.
382 3507 429 3574 1⁸.
446 3507 566 3595 Script.
585 3510 666 3576 Gen.
686 3510 716 3590 i,
730 3512 796 3580 26:
813 3511 989 3582 Faciamus
1012 3513 1174 3582 nerninem
1187 3509 1230 3577 od

251 3613 429 3698 imon-inens
451 3625 481 3680 et
493 3615 738 3684 similitudinem
752 3629 913 3690 nastrum*
934 3621 1026 3687 Unde
1041 3619 1109 3686 sio:
1128 3619 1224 3689 Homo

254 3716 388 3801 aprima
402 3719 574 3789 creationis
589 3721 718 3790 instanti
744 3722 846 3796 iectus
862 3736 911 3796 est
925 3725 966 3798 td
986 3722 1226 3797 similitudinem
