2640 4150
562 345 764 414 -tttt-

224 481 317 560 'unde
329 475 418 558 aolus
433 476 577 578 praedioti
595 488 742 576 probatio
759 493 790 556 et
801 483 969 574 explicatio
988 496 1053 552 tras
1067 484 1165 577 exigit

182 598 392 686 quaestiones:
423 596 684 662 l⁰utrl1mDeus
705 594 780 660 velit
804 592 943 659 salutem
968 592 1163 672 hominum

182 715 226 782 et,
258 704 289 770 in
314 703 483 791 hypothesi
505 701 715 780 affirmativa,
741 718 881 788 quorum
908 695 1098 780 hominum
1126 702 1163 767 2⁰

181 813 291 876 utrum
308 809 397 874 Deus
422 807 495 872 volit
512 806 699 872 hominibus
716 805 822 870 modia
839 802 1034 869 adsalutem
1050 823 1162 872 neees-

181 915 278 993 sarta,
297 913 463 1000 atquibus
487 910 696 990 hominibus,
723 908 759 974 5⁰
789 906 877 995 quali
893 905 1164 978 voluntatelleus
1255 973 1256 978 ,

181 1017 403 1084 relitsalutem
416 1028 448 1081 et
467 1014 599 1082 mediat
1009 1035 1013 1040 ·

550 1175 737 1264 nummo
762 1143 789 1243 1'.
862 1257 872 1262 ,

222 1346 317 1388 uruurr
330 1343 399 1386 urus
414 1293 625 1388 rsmraaturiur
639 1343 779 1396 neutuna,
794 1343 829 1384 rr
842 1339 956 1392 ouoauat
972 1328 1121 1387 nommant
1161 1372 1163 1380 ,

227 1474 319 1543 lissa.
336 1475 371 1541 l⁰
389 1475 476 1540 Dens
491 1473 591 1540 voluit
607 1471 745 1540 salutem
763 1471 910 1537 omnium
935 1471 1106 1540 hominum
1131 1475 1164 1542 in

180 1590 263 1650 statu
281 1583 485 1648 innocentiae.
505 1581 542 1645 2⁰
560 1581 665 1646 Posito
677 1591 809 1667 peceato
820 1563 980 1666 originali,
995 1579 1084 1645 Deus
1095 1581 1163 1646 vult

181 1690 317 1758 aalrrtem
346 1688 484 1754 aliorum
515 1694 612 1773 quam
646 1685 961 1773 predestinatorum.
988 1683 1025 1748 5⁰
1058 1683 1161 1752 urtam

180 1795 285 1886 posito
303 1808 433 1882 peceato
450 1793 611 1877 originali,
629 1793 716 1858 Deua
729 1791 797 1858 vult
817 1792 955 1859 salutem
971 1792 1118 1858 omnium
1132 1803 1164 1859 et

179 1903 383 1988 singulorum
401 1900 584 1968 hominum.
602 1901 840 1988 l⁰Speoialiter
856 1901 923 1968 vult
946 1901 1084 1968 salutem
1113 1902 1164 1982 in·

180 2005 316 2076 lantiam
333 2008 404 2074 sine
419 2007 579 2096 baptismo
598 2007 820 2076 morientium.

225 2117 254 2182 1²
271 2116 350 2202 Ppo.
374 2097 423 2164 -γ
438 2113 527 2182 Deus
542 2114 644 2182 voluit
663 2113 799 2181 salutem
816 2114 965 2181 omnium
989 2113 1164 2181 hominum

134 2302 138 2308 ¹
180 2225 213 2290 in
226 2229 309 2290 statu
327 2223 533 2289 innocentiae.

221 2330 322 2416 Proh.
343 2330 390 2394 l⁸.
410 2329 451 2394 Ex
470 2329 615 2395 dicendis
633 2329 728 2409 inira,
751 2326 840 2394 Deus
855 2327 963 2416 primo
982 2325 1108 2394 homini
1127 2338 1172 2395 et*

180 2436 213 2500 in
230 2434 352 2501 tlalamo
377 2431 447 2520 ejus
476 2435 652 2521 posteritati
669 2435 805 2502 eontulit
822 2435 928 2502 media
944 2434 1159 2514 adsalutem,

177 2539 298 2607 seilicet
310 2539 447 2624 gratiam
464 2541 728 2622 sanctificantem,
753 2541 871 2626 gratias
887 2540 1040 2618 actuales,
1059 2537 1159 2630 privi-

178 2647 261 2733 legia
278 2649 378 2715 status
395 2645 605 2727 innocentiam
624 2670 700 2734 ergo
716 2648 817 2714 uoluit
833 2648 971 2715 salutem
996 2649 1160 2728 omnium,

179 2753 341 2844 siquidem
370 2754 431 2822 Eos
459 2763 585 2822 summe
602 2757 729 2846 sapiens
746 2776 811 2821 non
835 2766 940 2844 potest
956 2753 1037 2823 velle
1051 2755 1163 2823 media

134 2951 136 2956 ,
181 2861 422 2949 quin'simul'et
438 2862 536 2928 linem
558 2863 645 2930 velit.
1036 2927 1039 2934 ,

222 2967 324 3032 Proin,
337 2968 384 3033 Ψ.
399 2969 435 3032 ln
448 2976 530 3034 statu
543 2971 748 3049 innocentiae,
763 2970 846 3036 siout
857 2970 888 3034 in
899 2979 981 3035 statu
995 2967 1161 3054 praesenti,

179 3081 246 3140 don
267 3069 380 3138 inisset
403 3093 473 3140 sors
502 3086 621 3141 aeterna
642 3076 724 3143 inter
740 3077 897 3143 visionem
922 3063 1102 3140 intuitit'am
1128 3083 1163 3140 et

179 3178 443 3266 reprobationem
459 3187 613 3246 aeternam
639 3183 759 3249 media.
782 3184 856 3267 Qun
877 3181 996 3272 posito,
1011 3178 1170 3246 homines·

178 3284 371 3350 innocentes
387 3285 405 3350 a
421 3283 524 3352 salute
548 3285 668 3354 exclusi
681 3289 722 3354 ad
746 3288 987 3354 damnationem
1004 3298 1161 3354 aetormm

177 3389 247 3460 sota
270 3390 434 3460 voluntate
462 3392 569 3463 divina
585 3394 723 3464 luissent
745 3395 866 3476 oreati,
895 3394 985 3483 quod
1002 3403 1163 3484 repugnat
1188 3479 1191 3483 .

178 3500 358 3588 sapientiae,
376 3500 512 3570 bonitati
529 3514 561 3569 et
579 3501 715 3590 justitiae
730 3503 803 3569 Dei.
1167 3514 1171 3523 ·

222 3602 262 3669 tu
273 3608 353 3695 Ppo.
362 3645 405 3657 —
416 3609 522 3676 Posito
533 3621 664 3696 peceato
674 3609 834 3694 originali,
847 3609 937 3676 D'eus
946 3609 1012 3676 vult
1023 3605 1162 3674 salutem

178 3702 315 3772 aliorum
333 3715 430 3798 quam
449 3713 769 3798 'praedestinatorum
785 3715 866 3799 (Ppo
883 3725 930 3780 est
947 3711 988 3778 <te
1000 3703 1090 3800 fitia.)
1108 3735 1112 3740 ·
