2710 4116
591 169 794 238 -ttto-n·

199 311 347 388 annale:
366 313 424 384 llio
436 313 524 388 enim
541 309 648 400 agiam
663 314 705 382 de
717 309 1006 402 peomtoomginali
1022 315 1185 402 quatenus

201 425 261 492 luit
282 421 423 490 actuale.
942 491 945 499 ¹

244 529 291 598 lu
306 529 429 600 Atlanta
441 528 652 596 commissum
667 549 675 592 ε
695 525 750 596 Vel
763 526 851 594 onim
864 532 1089 613 estpeoeatum
1102 529 1186 598 bde-

200 639 260 718 tai,
277 636 326 704 vel
337 647 503 724 peecatum
520 633 681 721 oajusqae
691 632 869 711 individui,
884 633 940 706 vel
948 647 1116 721 pennatam
1127 637 1187 705 laa-

202 743 300 815 mlais
315 743 356 810 ab
381 740 504 809 ddamo
522 739 676 808 distincti.
693 737 786 826 Atqui
806 739 838 803 l.
858 759 923 806 non
943 752 993 806 est
1017 755 1191 826 peecatum

201 847 363 938 cujusque
387 845 565 913 individui:
588 867 663 914 nam
679 843 881 912 eanbalailur
903 859 1074 932 peceatum
1092 849 1189 934 origi*

204 953 280 1022 nale
296 939 335 1020 in¹
346 954 414 1040 ipsd
431 952 662 1040 conceptione,
682 951 812 1016 instanti
829 951 966 1037 proinde
982 973 1046 1038 quo
1062 957 1185 1038 pennati

203 1059 337 1128 actualis
352 1061 486 1147 innuptus
497 1071 547 1126 eat
559 1059 671 1124 homo.
690 1057 725 1124 9.
744 1058 812 1124 Nan
833 1069 882 1122 est
897 1071 1063 1144 peecatum
1079 1057 1181 1124 homi·

203 1165 254 1232 nis
270 1165 310 1232 ab
325 1164 447 1232 Adoma
469 1162 629 1230 distincti:
648 1174 816 1249 peecatum
836 1162 923 1228 enim
936 1162 1034 1228 unius
1048 1163 1186 1230 hominia

203 1291 269 1338 tran
286 1278 390 1361 potest
404 1268 475 1336 lieri
497 1281 665 1357 peecatum
682 1280 818 1348 natutae,
837 1269 916 1356 quin
934 1269 1032 1336 bomo
1051 1289 1190 1358 peneum

165 1401 168 1410 ·
204 1391 377 1468 personam
393 1374 522 1462 generis
535 1374 669 1442 hanimi
686 1387 798 1458 gerat;
817 1395 915 1462 porro
939 1375 1049 1442 nullus
1065 1386 1191 1464 oranter

202 1485 303 1552 Adam
326 1483 389 1552 diei
410 1489 513 1570 potest
530 1481 669 1566 gessisse
692 1500 864 1568 personam
884 1481 1013 1566 generis
1029 1482 1187 1550 laumani.

205 1591 287 1676 Ergo
302 1601 469 1678 peecatum
486 1586 654 1672 originale,
680 1590 841 1674 quatenbs
865 1588 1013 1668 actuale,
1042 1599 1090 1654 ost
1107 1609 1187 1676 pee-

206 1709 312 1764 outum
327 1694 371 1760 ab
383 1691 505 1758 ddamo
518 1692 744 1758 commissum.
822 1691 823 1696 ’

249 1800 296 1866 Ab
310 1798 431 1866 ddamo
452 1798 611 1884 quatenus
628 1816 799 1882 personam
808 1797 936 1882 generis
950 1797 1085 1864 bomani
1098 1819 1191 1884 gere

207 1903 262 1970 bot
276 1924 284 1967 ι
302 1901 458 1987 alioquin,
477 1909 513 1968 ut
525 1899 663 1967 diximus
677 1909 790 1989 suprd,
809 1901 881 1989 ejus
894 1917 1062 1990 peecatum
1076 1905 1192 1972 luisset

206 2005 417 2086 individuale,
445 2027 505 2076 aee
531 2007 687 2096 potuisset
710 2008 775 2075 diei
801 2009 929 2093 generis
956 2009 1094 2078 liumaai
1110 2032 1190 2098 pee-

206 2127 328 2180 catum.
1123 2139 1126 2144 ·

252 2218 289 2284 2⁰
306 2221 476 2287 Pensatum
491 2217 660 2304 originale,
676 2223 836 2305 quatanias
847 2219 1020 2298 babilonie,
1032 2223 1080 2284 est
1090 2235 1179 2284 aver-

207 2326 256 2412 sio
271 2326 376 2394 blica
389 2332 457 2392 orta
468 2346 506 2392 ex
520 2337 651 2413 peceato
668 2325 700 2392 in
714 2326 828 2392 ddami
841 2332 978 2414 gersoni
998 2325 1186 2403 summissa,

208 2456 267 2524 per
282 2435 417 2502 modum
428 2433 557 2500 babitus
571 2433 602 2501 in
614 2432 720 2500 animb
737 2454 969 2522 perseuerans:
990 2432 1126 2522 proinde
1137 2443 1189 2498 est

209 2542 343 2631 privatio
353 2540 526 2628 eulpabilis
542 2539 640 2628 partis
656 2541 828 2628 precipuae
838 2539 973 2626 justitiae
987 2537 1165 2624 originalia.

251 2647 355 2712 Proh.
374 2647 426 2713 Est
444 2646 617 2713 habitualis
634 2647 757 2713 aversio
784 2647 888 2712 bDeo
910 2653 978 2712 orta
996 2666 1034 2712 ex
1058 2650 1189 2732 peecata

210 2753 243 2818 ln
260 2749 373 2818 Adurni
394 2758 533 2838 persono
550 2751 743 2818 commisso:
770 2747 849 2832 Nam
871 2771 930 2838 per
946 2764 1114 2840 peccatum
1142 2769 1191 2815 ae

211 2853 297 2922 tuale
313 2854 424 2921 Adurni
436 2877 539 2939 genus
556 2853 737 2924 itomanam
752 2857 856 2924 iaDen
868 2877 1019 2924 auersum
1032 2864 1093 2922 est.
1106 2857 1191 2940 Ergo

210 2974 379 3046 peceatum
396 2959 564 3044 originale,
589 2967 747 3045 quatenus
765 2961 942 3041 habituale,
962 2969 1010 3028 est
1030 2963 1191 3028 arsasius

212 3065 282 3131 Deo
300 3064 340 3156 in·
350 3085 470 3150 genere
493 3065 636 3132 humano
654 3081 711 3155 per
736 3053 870 3136 modurn
889 3069 1019 3136 liabittis
1042 3089 1192 3156 perseve-

212 3192 301 3250 rans,
314 3174 387 3260 eiam
405 3192 442 3238 ex
456 3179 571 3244 natura
583 3181 641 3240 sul
652 3183 820 3263 peceatum
835 3175 998 3250 habitatio
1009 3175 1089 3241 nihil
1104 3173 1194 3247 aliud

212 3280 254 3348 sit
270 3285 366 3366 quam
380 3281 645 3368 peecatiootualis
657 3283 867 3362 continuatio,
883 3288 1027 3369 utsaptd
1038 3281 1192 3350 diximus.

211 3465 214 3470 ,
257 3387 397 3476 Proinde
415 3389 731 3478 privatioproeoipuae
743 3391 840 3478 partis
853 3389 987 3476 justitiae
1005 3385 1192 3473 originalis:

213 3491 331 3564 Tribus
348 3490 518 3560 elementis
533 3493 787 3566 constituebatur
799 3494 925 3582 justitia
951 3493 1139 3580 originalis,
1159 3491 1192 3566 l.
