2640 4150
567 343 766 420 *lili-

177 491 407 584 requiruntur:
427 488 459 557 l.
479 490 665 578 llequirittrr
685 489 845 559 rectitudo
862 491 1026 576 negativa:
1055 487 1156 580 siqui-

169 597 251 664 ‘dcm
268 595 366 664 homo
379 597 505 665 vitiatus
517 605 648 685 peccato
669 597 845 685 opponitur
861 597 925 681 legi
941 617 998 664 seu
1016 599 1150 684 regular,

173 704 311 790 proinde
327 714 433 796 rectus
446 724 517 770 esse
533 724 598 769 non
612 713 729 790 potest.
745 703 780 768 l.
794 693 1016 788 Requiruntor
1025 703 1152 776 habitus

171 799 439 896 subjicientee'...:
459 808 625 896 Siquidem
639 809 797 874 rectitudo
810 809 907 892 exigit
917 808 1154 895 subjectionem

171 913 294 982 realem
322 927 353 981 et
376 926 585 1002 perpetuam,
614 913 748 1000 ipsaque
773 911 932 1000 subjectio
955 913 1156 981 habitus.—

172 1019 274 1104 Exigit
286 1017 520 1107 subjectionem
538 1019 676 1084 realem:
696 1021 739 1084 ad
757 1019 982 1084 rectitudinem
1000 1020 1089 1084 enim
1101 1041 1155 1088 re-

171 1123 312 1210 golanda
330 1136 405 1190 sunt
420 1120 570 1190 inferiora
592 1128 609 1189 a
627 1123 870 1210 superioribus;
887 1123 1025 1211 proinde
1043 1125 1153 1192 voluu-

171 1240 219 1294 tas
235 1233 254 1294 a
270 1229 354 1308 Deo,
372 1228 538 1295 facultates
551 1229 718 1296 inferiores
736 1243 767 1295 ct
784 1249 901 1316 eorpus
914 1235 932 1294 a
947 1227 1150 1298 facultatibus

171 1335 288 1400 anlmae
305 1334 539 1422 superioribus.
558 1334 659 1417 Exigit
682 1331 917 1418 sdbjeotlonem
941 1348 1151 1423 perpetuam:

170 1439 311 1526 hominis
325 1440 411 1506 enim
422 1439 578 1509 rectitudo
592 1439 623 1506 in
636 1440 808 1528 Scripturis
821 1440 985 1524 designata
996 1450 1153 1529 perpetua

170 1558 229 1614 est.
247 1547 320 1634 lpse
336 1544 496 1632 subjectio
506 1546 602 1630 exigit
613 1545 759 1612 habitus:
775 1546 895 1614 nedum
910 1548 994 1612 enim
1007 1548 1064 1612 ista
1078 1568 1151 1614 rcc-

169 1651 275 1718 titudo
293 1652 387 1718 realis
403 1658 435 1718 et
451 1659 604 1738 perpetua
620 1651 660 1716 sit
682 1651 806 1716 homini
824 1651 997 1730 naturalis,
1015 1657 1152 1718 econtra

171 1757 241 1844 ejus
269 1770 393 1824 naturae
414 1756 475 1821 sibi
503 1755 666 1822 derelictae
689 1757 900 1835 contradicit,
927 1769 961 1821 ut
985 1757 1150 1834 diximus3

166 1864 267 1948 exigit
282 1883 359 1948 ergo
376 1883 488 1930 causas
504 1861 609 1928 reales
626 1869 657 1926 et
673 1875 844 1950 perpetuas
861 1867 1001 1928 enatare
1019 1860 1154 1928 distinc-

166 1977 230 2048 tas,
243 1968 313 2054 ejus
330 1965 552 2036 inclinationes
569 1967 668 2034 males
680 1966 851 2035 serenantes
862 1991 871 2048 ;
884 1987 980 2057 porro
991 1966 1061 2036 istac
1073 1988 1154 2036 cau·

170 2094 215 2140 sae
232 2085 307 2138 sunt
322 2071 451 2140 habitus
469 2072 546 2138 boni
564 2071 833 2160 subjicientes...

166 2179 199 2204 ⁸
215 2179 254 2243 2⁰
271 2179 391 2244 Horum
411 2178 600 2246 collectione
628 2178 1012 2267 reatitudocompterur:
1030 2177 1151 2246 ordini

115 2365 118 2376 ,
172 2283 346 2364 essentiali,
365 2306 422 2352 seu
440 2285 623 2352 rectitudini
640 2287 822 2354 necessario
839 2285 1013 2352 conformis
1035 2297 1083 2351 est
1097 2305 1155 2352 vo·

170 2389 277 2456 luntas
293 2390 412 2458 divina.
428 2392 567 2463 Proinde
584 2404 668 2458 recta
693 2404 741 2460 eet
756 2391 904 2458 voluntas
932 2391 1099 2470 humana,
1121 2390 1150 2456 si

163 2491 290 2561 divinae
301 2493 491 2583 subjiciatur
505 2497 681 2577 voluntati3
704 2511 790 2564 reeta
807 2511 882 2563 sunt
898 2495 1064 2562 facultates
1084 2494 1152 2560 ani·

171 2621 235 2668 mae
251 2601 420 2670 interiores
433 2616 464 2672 et
481 2625 613 2691 corpus,
627 2603 655 2668 si
667 2601 819 2668 humanae
835 2603 990 2670 voluntati
1003 2600 1094 2690 juxta
1109 2600 1155 2666 di·

172 2708 280 2774 vinam
297 2710 455 2778 ordinatae
471 2709 698 2796 subjiciantur.

217 2813 254 2878 5⁰
265 2813 305 2881 lis
318 2817 456 2882 donatus
476 2828 525 2882 est
540 2815 663 2882 Adam:
693 2814 724 2879 l.
745 2811 878 2880 Creatus
900 2824 948 2881 cst
964 2813 1118 2880 immunis
1136 2817 1156 2878 ia

172 2934 317 3006 peccato.
343 2920 439 2989 Aliter
464 2921 638 2986 dicendum
660 2916 742 2988 iuret
764 2919 870 2987 Deum
887 2937 958 2987 esse
987 2905 1155 2984 auctorem

175 3027 310 3116 peccati.
1026 3022 1027 3025 ’

220 3131 254 3197 2.
270 3131 416 3199 Donatus
432 3143 480 3196 cet
495 3129 660 3196 habitibus
677 3129 924 3219 subjicientibus
934 3130 1003 3197 Dec
1012 3128 1158 3196 volunta·

175 3245 240 3297 tem
258 3232 416 3297 inordina
433 3231 569 3300 naturali
583 3246 614 3300 et
629 3235 885 3322 supernaturali:
905 3234 1082 3302 Facultates
1092 3234 1159 3299 ani-

172 3359 238 3404 ntae
259 3337 443 3424 superiores
470 3339 689 3428 subjiciuntur
714 3344 795 3420 Deo,
814 3344 846 3407 in
871 3342 986 3406 ordine
1003 3357 1160 3428 superna·

174 3445 272 3512 turali
292 3465 350 3533 per
368 3446 499 3514 virtutes
517 3449 800 3536 supernaturales,
820 3449 853 3514 in
875 3447 990 3513 ordine
1014 3445 1156 3514 naturali

176 3572 235 3636 per
248 3553 379 3620 virtutes
405 3554 568 3632 morales;
598 3553 811 3641 porrovddam
836 3552 1020 3642 aliqualiter
1040 3551 1157 3620 habuit
1219 3591 1230 3602 -

178 3674 291 3722 omncs
309 3660 477 3746 utriusque
494 3657 616 3727 ordinis
633 3661 779 3727 virtutes.
