2708 4122
599 382 801 449 -ara-

198 521 325 602 meruit,
336 547 367 590 sr
359 519 589 612 aetuslpsius
612 521 661 590 lris
681 523 831 590 omuibus
846 523 1086 592 conditionibus
1111 547 1188 596 res·

197 627 328 696 liuntur.
346 627 453 718 Atqui,

241 734 336 803 Actus
354 735 468 802 Christi
486 745 560 802 sunt
583 735 614 802 l.
637 735 743 814 liberi,
772 757 846 802 uam
868 703 1052 802 humanitas
1069 737 1191 806 Christi

197 843 346 916 libertate
359 841 545 920 lruebatur3
564 843 598 908 2.
618 843 707 920 boui,
722 841 865 907 Christus
882 842 968 907 enim
986 844 1079 908 erat
1071 865 1192 932 impee-

199 949 310 1016 cabilis
322 969 330 1028 ;
344 948 645 1034 rememorantes
657 948 763 1034 quoad
775 947 966 1034 principium
978 957 1009 1012 et
1020 951 1188 1028 motivum,

200 1054 346 1120 Christus
361 1054 446 1121 enim
466 1065 497 1119 ct
509 1055 577 1141 pari
595 1054 718 1120 ratione
734 1066 823 1120 actus
846 1053 962 1126 Christi
980 1056 1186 1140 possidebant
1229 1108 1231 1113 ,

199 1179 311 1226 ornnes
341 1159 554 1247 perfectiones
580 1160 741 1227 naturales
765 1172 797 1225 et
823 1160 1079 1247 supernaturales
1104 1179 1179 1226 cum
1220 1199 1222 1202 ·

199 1265 299 1352 ipsius
312 1271 424 1332 natura
442 1279 473 1332 ct
490 1266 707 1333 functionibus
717 1265 973 1354 compassibiles,
989 1285 1084 1357 porro
1095 1279 1182 1332 aetus

199 1372 460 1459 supernaturalis·
477 1373 584 1458 quoad
609 1373 802 1459 principium
827 1384 858 1438 et
881 1371 1038 1439 motivum
1063 1371 1188 1458 perlec-

199 1480 261 1546 tior
276 1491 325 1546 est
345 1492 419 1546 actu
436 1481 524 1544 mere
541 1479 676 1544 naturali
694 1492 749 1544 aut
773 1477 1010 1566 supernaturali
1031 1478 1094 1546 sub
1120 1499 1191 1548 res-

199 1593 293 1674 pectu
314 1586 460 1674 principii
481 1585 529 1652 vel
547 1585 654 1652 metiri
672 1590 808 1652 tantiam.
1101 1651 1104 1658 ,

137 1685 144 1696 “
245 1691 390 1770 Christus
411 1691 442 1758 l.
459 1707 526 1758 erat
558 1693 589 1757 iu
616 1693 686 1759 via:
706 1693 802 1758 linem
824 1692 954 1778 quidem
980 1692 1187 1774 obtinuerat,

199 1797 230 1863 iu
245 1818 283 1864 co
297 1820 393 1864 sensu
407 1799 495 1884 qudd
509 1799 630 1864 visione
643 1798 983 1875 intuitivalr·uehatur;
998 1801 1189 1864 enatantem

199 1904 231 1969 iu
249 1905 299 1970 uia
314 1907 347 1970 in
365 1924 403 1970 eo
424 1926 521 1970 sensu
539 1905 626 1989 quod
645 1905 783 1970 debebat
807 1905 924 1970 mereri
941 1903 1001 1970 sibi
1026 1905 1189 1988 glorifica-

198 2010 319 2074 tionem
336 2001 499 2094 eorporis,
515 2008 737 2074 exaltationem
755 2030 822 2076 suae
840 2011 1067 2090 humanitatis,
1086 2031 1188 2094 auge·

198 2115 237 2178 lis
253 2113 388 2196 gloriam
399 2113 650 2192 accidentalem,
675 2114 863 2186 homiuibus
878 2117 1044 2188 ,uisiouem
1062 2117 1188 2183 intuiti·

196 2239 271 2286 uam
288 2230 319 2282 et
330 2217 436 2282 media
453 2219 493 2284 ad
511 2240 581 2286 eam
605 2210 814 2288 obtinendcim
832 2225 1033 2303 necessaria;
1052 2224 1086 2289 l.
1111 2246 1182 2314 pos.-

198 2323 324 2413 sidebat
335 2325 468 2408 gratiam
480 2327 741 2406 sanctificantem,
751 2331 928 2398 arrtsaltem
945 2332 1080 2416 gratiam
1095 2331 1187 2396 uuio-

198 2431 248 2496 uis
265 2438 329 2517 qut
340 2431 409 2498 Deo
425 2447 535 2520 gratus
549 2448 627 2526 erat,
648 2441 789 2526 utsupra
807 2439 958 2505 diximus

243 2537 332 2606 Deus
349 2538 529 2606 actionibus
548 2487 664 2609 Christi
677 2545 860 2610 mercedem
876 2545 1085 2631 prnnriserat:
1094 2544 1190 2612 hauc

196 2647 380 2713 mercedem
403 2649 549 2736 promisit
574 2641 661 2740 Deus
686 2649 793 2716 multis
815 2651 951 2733 actibus
968 2651 1161 2716 humanis
1153 2674 1188 2716 ur

198 2771 330 2836 genere,
349 2755 460 2842 positis
488 2735 662 2843 ponendis,-
684 2765 719 2821 ut
739 2758 822 2823 inira
837 2757 985 2824 dicemus
1004 2757 1066 2822 sub
1092 2751 1189 2824 titula

186 2861 237 2942 ¹de
252 2857 365 2925 Merito
374 2885 387 2938 ,·
403 2881 480 2951 ergo
497 2862 621 2928 actibus
635 2861 763 2929 Christi.
861 2925 863 2929 ,

241 2964 342 3030 Prob.
357 2965 405 3029 2³.
421 2966 463 3032 lix
487 2965 550 3032 fide
570 2967 731 3035 Ecclesiae.

73 3037 75 3044 Ι
188 3115 191 3119 -
241 3060 343 3135 Prot.
362 3071 410 3137 3³.
430 3073 472 3137 Ex
492 3072 615 3139 Cancil.
636 3073 726 3140 trid
745 3097 824 3142 sess.
845 3076 878 3155 6,
893 3095 964 3154 ean.
977 3075 1047 3141 to:
1064 3075 1101 3162 Si
1112 3063 1190 3162 quie

196 3175 317 3242 dixerit
329 3175 518 3244 tronciaco
488 3201 557 3246 arae
571 3179 690 3246 Christi
698 3182 829 3266 justitiet
837 3201 897 3268 per
908 3203 1006 3268 quam
1021 3182 1114 3260 aradis
1124 3205 1191 3250 mc·

196 3280 276 3358 ruit,
294 3283 488 3369 justificari,
508 3299 565 3353 uut
582 3309 644 3374 per
664 3310 735 3380 cam
747 3290 854 3376 ipsam
871 3281 1061 3396 [actualiter
1076 3293 1189 3375 justos

196 3405 287 3464 ersc5
309 3387 485 3456 anathema
501 3392 555 3456 ait.

501 3515 593 3568 tlt.-
602 3523 644 3561 nc
654 3520 880 3580 proprietatibus,

241 3632 387 3701 lleritum
402 3638 601 3706 considerari
612 3653 715 3726 potest
728 3643 849 3710 ratione
865 3645 898 3708 1ο
909 3644 1036 3727 valoris,
1052 3646 1089 3712 ⁶2⁰
1105 3663 1184 3712 aue·

198 3735 287 3813 toris,
308 3735 344 3798 5⁰
361 3738 471 3817 medii,
493 3740 528 3804 4⁰
547 3741 682 3826 subjecti
697 3757 727 3809 ct
742 3744 871 3832 objecti,
