2708 4122
638 281 771 362 -jait
795 321 838 335 --
903 269 906 278 “

649 447 779 515 Qunsrro
798 447 835 502 ll.

268 593 357 648 t'trltm
372 593 491 648 christos
504 591 592 644 initaat
606 592 714 658 gratiam
729 591 885 653 immediato,
897 605 927 642 an
943 592 1053 644 nrotliato
1066 607 1109 657 por
1123 593 1218 650 causas

342 673 485 736 secundas;
496 679 522 725 et
536 675 562 723 in
577 672 713 738 hypothesi
727 671 874 722 alli'rrnatiut
889 683 935 734 por
949 685 1014 735 quas
1028 673 1137 726 oausast

296 819 386 884 lisso.
406 816 439 882 l⁰
455 817 655 896 Impediunt,
671 835 730 882 seu
754 814 882 901 absque
910 821 1008 882 eausa
1025 816 1233 902 intermedia,

252 923 398 990 Christus
411 921 587 1009 aliquando
596 921 701 1010 iolluit
716 921 850 1006 gratiam
863 921 1023 990 actualem
1035 935 1069 989 et
1085 923 1230 991 habitua-

241 1031 328 1106 lotn.
350 1067 395 1080 -
410 1029 590 1096 Aotuolem:
605 1028 650 1095 sio
671 1028 816 1094 Christus
834 1035 920 1114 saepo
944 1027 1225 1115 supernaturaliter

249 1133 413 1202 illuminat
425 1148 456 1202 et
465 1146 571 1202 movet
586 1133 752 1200 hominem
764 1133 950 1201 immediate
960 1133 1226 1222 atabsquooausi

248 1241 394 1310 secunda
411 1241 451 1308 ad
469 1241 556 1308 lrune
578 1239 676 1306 tinem
699 1240 855 1306 instituta.
868 1277 912 1290 -
925 1241 1150 1308 Habitualern:
1169 1243 1228 1320 sie,

250 1347 365 1436 positio
386 1343 652 1434 dispositionibus
666 1345 843 1434 requisitis,
862 1357 972 1412 votum
999 1346 1153 1434 Baptismi
1178 1359 1234 1414 aut

246 1454 438 1522 sacramenti
457 1452 653 1520 l‘oenitentiae
665 1451 792 1541 supplet
808 1451 858 1518 his
877 1452 1099 1520 sacramentis.
1117 1453 1231 1531 Porro,

178 1573 186 1588 “
250 1561 284 1628 in
299 1561 349 1629 his
365 1559 506 1639 casibus,
525 1559 614 1628 Deus
631 1560 778 1627 aonootlit
790 1559 975 1629 immediati
988 1559 1123 1642 gratiam
1139 1579 1233 1626 sarto·

251 1668 428 1736 tilioantem
447 1666 605 1755 primam
623 1666 699 1734 item
724 1665 872 1732 oonoetlit
889 1664 1075 1734 immediate
1091 1666 1226 1752 gratiam

250 1774 443 1851 secundam,
458 1776 532 1837 oirrn
542 1772 690 1856 sequitur
700 1791 739 1838 ex
756 1771 872 1837 merito
888 1770 1042 1839 hominis.

296 1879 335 1944 2⁰
357 1876 539 1964 Aliquando
562 1875 707 1943 Christus
722 1875 858 1960 gratiam
884 1873 1232 1960 intrimentorum

249 1980 616 2068 poroausasseoundas.
636 1981 698 2052 Res
715 1980 758 2048 iti
782 1989 840 2061 est,
857 1983 883 2048 si
904 1983 933 2049 l.
953 1985 1043 2050 Deus
1059 1983 1235 2055 instituerit
1330 1969 1331 1973 ¹

251 2087 458 2153 Sacramenta
470 2098 501 2154 et
514 2087 715 2155 Sacrificium
730 2112 738 2170 3
758 2088 783 2156 si
800 2087 834 2155 2.
853 2090 1058 2180 Sacramenta
1080 2103 1113 2158 et
1129 2092 1232 2160 Sacri·

252 2191 363 2260 fieium
376 2190 440 2260 sint
452 2213 559 2262 eausae
582 2195 717 2282 gratiam
731 2195 945 2265 conterentes.
964 2197 1057 2284 Atqui
1076 2197 1147 2266 haee
1168 2199 1232 2264 duo

253 2313 340 2368 oerta
357 2303 561 2392 unoquoq
581 2301 740 2374 constabit
763 2325 800 2390 ex
819 2303 964 2372 ‹lieondis
982 2303 1042 2372 sub
1061 2304 1162 2374 titulis
1183 2324 1231 2374 se·

250 2406 442 2495 quantillus.
