2640 4150
638 361 840 430 -lll-

253 503 431 574 -Gertum
444 511 493 570 est
508 501 610 572 Adam
625 505 813 590 cognouisse
826 503 1023 592 Angelorum
1039 503 1224 594 possibilita-

255 625 321 678 tem
333 632 343 676 r
356 609 434 676 llam
445 607 626 674 intellectus
639 608 814 688 lrurnaous,
823 611 920 675 etiam
932 607 1056 676 instato
1066 609 1222 696 presenti,

253 713 551 804 evidenterjudicut
562 715 1218 803 aDeopossecreeriintelligentiaspuras,

253 829 287 890 ct
309 821 417 890 anima
438 821 578 886 luurnaut
603 819 879 908 perfectiores-
899 821 1100 890 probabilius
1117 839 1224 886 rorum

254 926 457 994 existentiam
468 925 655 992 naturaliter
665 925 883 1010 ignoravisse:
902 925 934 992 Si
948 927 1163 1010 cognovisset,
1176 924 1225 990 rel

252 1035 271 1098 t
289 1033 404 1120 priori,
426 1031 476 1098 rel
496 1035 514 1098 a
533 1031 702 1120 posteriori
718 1053 727 1110 3
744 1031 833 1118 atqui
856 1045 1009 1098 neutrum
1036 1033 1099 1100 dici
1116 1041 1223 1120 potest.

251 1137 325 1205 lton
337 1137 425 1226 prius
438 1159 446 1203 :
459 1159 532 1204 nam
544 1138 738 1222 Angelorum
751 1138 872 1206 creatio
882 1135 1225 1221 cratconvenieuspui·

245 1244 430 1322 ‘domnoc
455 1251 533 1309 uero
556 1243 757 1322 neeessaria3
781 1262 878 1331 porga
898 1242 978 1309 lacta
1003 1244 1065 1310 Dei
1089 1241 1218 1310 rubeat

253 1348 353 1438 priori
378 1349 529 1434 cognosci
551 1361 615 1416 nort
640 1349 878 1436 poscentum
901 1349 1080 1438 posterius:
1107 1347 1226 1415 nullum

253 1455 340 1523 cuim
357 1456 512 1541 assignari
529 1469 635 1543 potest
648 1455 767 1523 sactum
785 1477 823 1522 ex
840 1475 906 1542 quo
920 1465 1010 1524 certo
1027 1458 1126 1545 possit
1141 1467 1230 1521 natu·

252 1563 362 1630 taliter
374 1561 495 1630 deduci
512 1562 703 1647 angelorum
728 1561 908 1629 existentia.
923 1599 967 1612 -
978 1563 1048 1628 uisi
1065 1585 1074 1626 ε
1095 1571 1229 1627 notura·

253 1669 338 1749 liter,
352 1666 496 1734 ldamus
511 1669 629 1756 nempe
657 1668 854 1754 Angelorum
879 1667 1076 1736 existentiam
1094 1683 1230 1750 cognos-

248 1774 346 1843 cebat
361 1795 419 1863 per
434 1775 676 1855 revelationem,
691 1788 727 1842 ut
741 1775 903 1844 videbitur
918 1773 1014 1842 iniri.

297 1878 335 1944 5⁰
351 1879 400 1946 De
416 1879 499 1946 Deo.
509 1879 664 1950 ——uuam
676 1878 736 1945 Dei
751 1877 956 1946 existentiam
969 1891 999 1945 et
1013 1875 1232 1966 perfectiones

251 1983 429 2051 intellectori
442 1984 585 2054 humano
602 1984 790 2051 naturaliter
806 1984 935 2052 scibiles
946 1982 1233 2070 cognoscebat.—

251 2087 314 2158 lies
330 2091 376 2158 iu
390 2103 450 2172 est,
462 2094 488 2159 si
502 2093 533 2159 l.
544 2093 633 2160 Deus
648 2091 783 2158 scientia
798 2091 937 2158 naturali
954 2091 1107 2176 cognosci
1118 2087 1231 2178 possim

240 2195 278 2266 'si
294 2197 328 2264 9.
351 2196 509 2285 perlectio
526 2197 668 2264 scicntiae
693 2196 840 2263 notitiam
866 2197 927 2264 Dei
952 2197 1111 2284 requiret„
1138 2191 1231 2281 Atqui

250 2301 321 2369 lraec
343 2303 408 2368 duo
425 2317 500 2368 sunt
521 2311 624 2370 certa.
646 2305 682 2368 ἑο
704 2303 794 2370 Deus
815 2301 948 2368 scientia
972 2302 1229 2390 naturali'potest

250 2408 422 2492 cognosci:
438 2409 532 2475 Facto
549 2421 676 2477 constat
689 2410 846 2476 rationem
864 2407 1055 2488 humanam,
1069 2406 1230 2475 sufficica-

246 2517 301 2577 ter
316 2511 489 2594 evolutam,
504 2533 600 2602 posse
617 2515 782 2603 principiis
798 2513 860 2582 sibi
875 2513 1033 2580 divinitus
1046 2514 1157 2580 inditis
1170 2509 1233 2576 Dei

251 2617 452 2686 existentiam
470 2620 622 2709 probare,
646 2620 783 2710 ejusque
808 2633 955 2687 naturam
970 2620 1052 2686 iutra
1070 2618 1232 2707 quosdam

238 2721 368 2791 ‘limites
392 2726 550 2792 evolvere.
569 2726 607 2792 Ψ
637 2725 789 2810 cognitio
805 2725 865 2792 Dei
882 2725 922 2791 ad
946 2725 1090 2794 scientiae
1107 2723 1230 2813 perleu-

248 2831 372 2898 tiouem
389 2833 575 2920 requiritur.
594 2833 672 2898 llam
692 2833 724 2899 l.
743 2831 885 2900 scientiae
903 2831 1069 2919 objectum
1087 2828 1232 2898 estveri'·

249 2947 311 3015 tas,
324 2937 558 3005 occursantem
572 2949 624 3003 est
643 2939 704 3003 llus
725 2942 885 3024 quatenus
909 2959 967 3026 per
983 2935 1232 3018 intellig-entiam

249 3040 388 3106 visibiles
404 3043 496 3130 Atqui
508 3045 598 3110 Deus
615 3051 663 3109 est
685 3045 747 3109 Eas
764 3041 1092 3132 infinitum,proinde
1110 3041 1235 3106 veritas

249 3143 373 3210 inlinim
384 3167 394 3224 ;
407 3168 483 3232 ergo
496 3145 573 3233 ejus
584 3149 723 3233 cognitio
741 3151 782 3216 ad
801 3149 967 3216 scientiam
985 3147 1161 3237 perlectam
1184 3165 1233 3213 re»

249 3250 401 3337 quiritur·
418 3249 452 3318 ἢ.
477 3252 623 3320 Periccta
642 3256 777 3344 alicujus
799 3257 881 3323 entis
900 3255 1030 3322 scientio
1054 3254 1125 3341 ejus
1145 3251 1229 3319 rela-

246 3356 530 3426 tionumuotitiam
554 3360 700 3443 includit,
720 3362 914 3430 relationum
936 3361 1050 3428 ,notitia
1074 3355 1233 3447 supponit

241 3475 304 3531 aut
326 3465 475 3553 producit
492 3467 619 3535 entium
635 3470 842 3536 relativorum
865 3468 1095 3554 cognitionem.
1123 3467 1230 3534 Porro

247 3571 331 3638 inter
352 3581 533 3640 ereaturam
553 3586 584 3642 et
608 3575 712 3640 Deum
729 3576 870 3643 existunt
893 3566 1228 3641 relaciones'causati·

130 3758 134 3764 ¹
164 3691 168 3696 '
249 3674 337 3754 tatis,
350 3681 427 3744 cirm
439 3675 530 3747 Deus
545 3679 585 3744 sit
599 3687 757 3746 creaturae
766 3697 861 3747 causa
872 3701 884 3760 ς
897 3678 1130 3756 similitudinis,
1149 3675 1231 3742 crim
