<?xml version="1.0" encoding="UTF-8"?>
<!DOCTYPE html PUBLIC "-//W3C//DTD XHTML 1.0 Transitional//EN"
    "http://www.w3.org/TR/xhtml1/DTD/xhtml1-transitional.dtd">
<html xmlns="http://www.w3.org/1999/xhtml" xml:lang="en" lang="en">
 <head>
  <title>
</title>
<meta http-equiv="Content-Type" content="text/html;charset=utf-8" />
  <meta name='ocr-system' content='tesseract 3.04.00' />
  <meta name='ocr-capabilities' content='ocr_page ocr_carea ocr_par ocr_line ocrx_word'/>
</head>
<body>
  <div class='ocr_page' id='page_1' title='image "./theologiadogmat03fraigoog_0243.png"; bbox 0 0 2710 4116; ppageno 0'>
   <div class='ocr_carea' id='block_1_1' title="bbox 632 337 831 406">
    <p class='ocr_par' dir='ltr' id='par_1_1' title="bbox 632 337 831 406">
     <span class='ocr_line' id='line_1_1' title="bbox 632 337 831 406; baseline -0.015 0"><span class='ocrx_word' id='word_1_1' title='bbox 632 337 831 406; x_wconf 47' lang='lat'>452—-</span> 
     </span>
    </p>
   </div>
   <div class='ocr_carea' id='block_1_2' title="bbox 237 475 1231 3648">
    <p class='ocr_par' dir='ltr' id='par_1_2' title="bbox 238 475 1224 2692">
     <span class='ocr_line' id='line_1_2' title="bbox 240 475 1219 566; baseline 0.001 -19"><span class='ocrx_word' id='word_1_2' title='bbox 240 491 354 548; x_wconf 84' lang='lat' dir='ltr'>tratura</span> <span class='ocrx_word' id='word_1_3' title='bbox 367 477 507 543; x_wconf 86' lang='lat' dir='ltr'>bumana</span> <span class='ocrx_word' id='word_1_4' title='bbox 525 489 556 542; x_wconf 89' lang='lat' dir='ltr'>et</span> <span class='ocrx_word' id='word_1_5' title='bbox 573 475 691 555; x_wconf 82' lang='lat' dir='ltr'>diviua,</span> <span class='ocrx_word' id='word_1_6' title='bbox 712 477 922 565; x_wconf 69' lang='lat' dir='ltr'>proprietates</span> <span class='ocrx_word' id='word_1_7' title='bbox 946 477 1156 566; x_wconf 71' lang='lat' dir='ltr'>actionesque</span> <span class='ocrx_word' id='word_1_8' title='bbox 1173 482 1219 548; x_wconf 91' lang='lat' dir='ltr'>di·</span> 
     </span>
     <span class='ocr_line' id='line_1_3' title="bbox 240 583 1221 674; baseline -0.007 -18"><span class='ocrx_word' id='word_1_9' title='bbox 240 589 323 656; x_wconf 81' lang='lat' dir='ltr'>ttinee</span> <span class='ocrx_word' id='word_1_10' title='bbox 339 600 370 653; x_wconf 87' lang='lat' dir='ltr'>et</span> <span class='ocrx_word' id='word_1_11' title='bbox 385 587 549 665; x_wconf 76' lang='lat' dir='ltr'>hamana,</span> <span class='ocrx_word' id='word_1_12' title='bbox 573 586 647 672; x_wconf 88' lang='lat' dir='ltr'>quin</span> <span class='ocrx_word' id='word_1_13' title='bbox 672 597 796 650; x_wconf 81' lang='lat' dir='ltr'>naturae</span> <span class='ocrx_word' id='word_1_14' title='bbox 813 583 918 649; x_wconf 86' lang='lat' dir='ltr'>divina</span> <span class='ocrx_word' id='word_1_15' title='bbox 944 594 974 648; x_wconf 86' lang='lat' dir='ltr'>et</span> <span class='ocrx_word' id='word_1_16' title='bbox 1000 583 1143 650; x_wconf 87' lang='lat' dir='ltr'>bumana</span> <span class='ocrx_word' id='word_1_17' title='bbox 1165 587 1221 674; x_wconf 84' lang='lat' dir='ltr'>by-</span> 
     </span>
     <span class='ocr_line' id='line_1_4' title="bbox 240 688 1220 782; baseline -0.003 -23"><span class='ocrx_word' id='word_1_18' title='bbox 240 694 394 782; x_wconf 80' lang='lat' dir='ltr'>postatioe</span> <span class='ocrx_word' id='word_1_19' title='bbox 410 695 441 758; x_wconf 91' lang='lat' dir='ltr'>in</span> <span class='ocrx_word' id='word_1_20' title='bbox 460 691 585 758; x_wconf 84' lang='lat' dir='ltr'>Christo</span> <span class='ocrx_word' id='word_1_21' title='bbox 603 691 771 756; x_wconf 87' lang='lat' dir='ltr'>uniuntur.</span> <span class='ocrx_word' id='word_1_22' title='bbox 791 689 824 755; x_wconf 72' lang='lat' dir='ltr'>E.</span> <span class='ocrx_word' id='word_1_23' title='bbox 850 688 1032 776; x_wconf 76' lang='lat' dir='ltr'>Explicatur</span> <span class='ocrx_word' id='word_1_24' title='bbox 1051 689 1220 758; x_wconf 82' lang='lat' dir='ltr'>infinitudo</span> 
     </span>
     <span class='ocr_line' id='line_1_5' title="bbox 240 795 1218 867; baseline -0.003 -1"><span class='ocrx_word' id='word_1_25' title='bbox 240 801 430 867; x_wconf 88' lang='lat' dir='ltr'>meritorum</span> <span class='ocrx_word' id='word_1_26' title='bbox 445 798 579 864; x_wconf 87' lang='lat' dir='ltr'>Cltristi:</span> <span class='ocrx_word' id='word_1_27' title='bbox 596 797 703 863; x_wconf 88' lang='lat' dir='ltr'>llarita</span> <span class='ocrx_word' id='word_1_28' title='bbox 714 795 800 862; x_wconf 89' lang='lat' dir='ltr'>enim</span> <span class='ocrx_word' id='word_1_29' title='bbox 811 795 1218 864; x_wconf 82' lang='lat' dir='ltr'>naturaebumanae·Cbristi</span> 
     </span>
     <span class='ocr_line' id='line_1_6' title="bbox 241 901 1218 990; baseline -0.002 -18"><span class='ocrx_word' id='word_1_30' title='bbox 241 909 282 972; x_wconf 87' lang='lat' dir='ltr'>ad</span> <span class='ocrx_word' id='word_1_31' title='bbox 299 907 439 972; x_wconf 86' lang='lat' dir='ltr'>valorem</span> <span class='ocrx_word' id='word_1_32' title='bbox 454 903 613 968; x_wconf 79' lang='lat' dir='ltr'>inlinitum</span> <span class='ocrx_word' id='word_1_33' title='bbox 632 902 799 968; x_wconf 77' lang='lat' dir='ltr'>elevantur</span> <span class='ocrx_word' id='word_1_34' title='bbox 815 919 872 987; x_wconf 88' lang='lat' dir='ltr'>per</span> <span class='ocrx_word' id='word_1_35' title='bbox 895 901 1049 966; x_wconf 89' lang='lat' dir='ltr'>unionem</span> <span class='ocrx_word' id='word_1_36' title='bbox 1069 901 1218 990; x_wconf 85' lang='lat' dir='ltr'>ltyposta·</span> 
     </span>
     <span class='ocr_line' id='line_1_7' title="bbox 240 1006 1217 1098; baseline -0.001 -20"><span class='ocrx_word' id='word_1_37' title='bbox 240 1013 335 1078; x_wconf 86' lang='lat' dir='ltr'>ticam</span> <span class='ocrx_word' id='word_1_38' title='bbox 352 1033 426 1076; x_wconf 88' lang='lat' dir='ltr'>cum</span> <span class='ocrx_word' id='word_1_39' title='bbox 441 1017 577 1098; x_wconf 79' lang='lat' dir='ltr'>persona</span> <span class='ocrx_word' id='word_1_40' title='bbox 588 1009 696 1087; x_wconf 84' lang='lat' dir='ltr'>Verbi,</span> <span class='ocrx_word' id='word_1_41' title='bbox 717 1006 1120 1094; x_wconf 86' lang='lat' dir='ltr'>siquidemvaloraotiouis</span> <span class='ocrx_word' id='word_1_42' title='bbox 1133 1031 1217 1077; x_wconf 86' lang='lat' dir='ltr'>cras-</span> 
     </span>
     <span class='ocr_line' id='line_1_8' title="bbox 240 1113 1214 1205; baseline -0.004 -21"><span class='ocrx_word' id='word_1_43' title='bbox 240 1119 283 1186; x_wconf 88' lang='lat' dir='ltr'>oit</span> <span class='ocrx_word' id='word_1_44' title='bbox 300 1137 357 1205; x_wconf 88' lang='lat' dir='ltr'>pro</span> <span class='ocrx_word' id='word_1_45' title='bbox 374 1117 527 1202; x_wconf 80' lang='lat' dir='ltr'>dignitate</span> <span class='ocrx_word' id='word_1_46' title='bbox 539 1135 684 1204; x_wconf 77' lang='lat' dir='ltr'>personae</span> <span class='ocrx_word' id='word_1_47' title='bbox 701 1115 836 1198; x_wconf 80' lang='lat' dir='ltr'>agentis.</span> <span class='ocrx_word' id='word_1_48' title='bbox 855 1113 888 1178; x_wconf 77' lang='lat'>3.</span> <span class='ocrx_word' id='word_1_49' title='bbox 908 1113 1086 1202; x_wconf 82' lang='lat' dir='ltr'>Explicatur</span> <span class='ocrx_word' id='word_1_50' title='bbox 1110 1115 1214 1196; x_wconf 77' lang='lat' dir='ltr'>legitt-</span> 
     </span>
     <span class='ocr_line' id='line_1_9' title="bbox 241 1219 1210 1306; baseline -0.006 -14"><span class='ocrx_word' id='word_1_51' title='bbox 241 1227 334 1292; x_wconf 89' lang='lat' dir='ltr'>mitas</span> <span class='ocrx_word' id='word_1_52' title='bbox 355 1224 550 1292; x_wconf 87' lang='lat' dir='ltr'>adorationis</span> <span class='ocrx_word' id='word_1_53' title='bbox 576 1222 692 1288; x_wconf 84' lang='lat' dir='ltr'>Christi</span> <span class='ocrx_word' id='word_1_54' title='bbox 725 1235 760 1286; x_wconf 90' lang='lat' dir='ltr'>ut</span> <span class='ocrx_word' id='word_1_55' title='bbox 778 1220 939 1286; x_wconf 85' lang='lat' dir='ltr'>bominis:</span> <span class='ocrx_word' id='word_1_56' title='bbox 970 1220 1132 1306; x_wconf 79' lang='lat' dir='ltr'>Siquidem</span> <span class='ocrx_word' id='word_1_57' title='bbox 1153 1219 1210 1285; x_wconf 79' lang='lat' dir='ltr'>lito</span> 
     </span>
     <span class='ocr_line' id='line_1_10' title="bbox 240 1326 1213 1414; baseline -0.005 -17"><span class='ocrx_word' id='word_1_58' title='bbox 240 1353 319 1398; x_wconf 88' lang='lat' dir='ltr'>voce</span> <span class='ocrx_word' id='word_1_59' title='bbox 335 1333 429 1397; x_wconf 87' lang='lat' dir='ltr'>bomo</span> <span class='ocrx_word' id='word_1_60' title='bbox 461 1331 647 1414; x_wconf 77' lang='lat' dir='ltr'>designatur</span> <span class='ocrx_word' id='word_1_61' title='bbox 678 1327 861 1393; x_wconf 85' lang='lat' dir='ltr'>humanitas</span> <span class='ocrx_word' id='word_1_62' title='bbox 886 1347 943 1414; x_wconf 89' lang='lat' dir='ltr'>per</span> <span class='ocrx_word' id='word_1_63' title='bbox 960 1326 1213 1414; x_wconf 84' lang='lat' dir='ltr'>personalitatem</span> 
     </span>
     <span class='ocr_line' id='line_1_11' title="bbox 240 1435 1217 1527; baseline -0.007 -20"><span class='ocrx_word' id='word_1_64' title='bbox 240 1440 421 1527; x_wconf 86' lang='lat' dir='ltr'>completa;</span> <span class='ocrx_word' id='word_1_65' title='bbox 449 1439 585 1526; x_wconf 80' lang='lat' dir='ltr'>proinde</span> <span class='ocrx_word' id='word_1_66' title='bbox 604 1437 672 1502; x_wconf 72' lang='lat' dir='ltr'>baec</span> <span class='ocrx_word' id='word_1_67' title='bbox 689 1435 887 1524; x_wconf 87' lang='lat' dir='ltr'>propositio:</span> <span class='ocrx_word' id='word_1_68' title='bbox 910 1435 1058 1500; x_wconf 79' lang='lat' dir='ltr'>Cdriatus</span> <span class='ocrx_word' id='word_1_69' title='bbox 1076 1447 1110 1500; x_wconf 86' lang='lat' dir='ltr'>ot</span> <span class='ocrx_word' id='word_1_70' title='bbox 1127 1436 1217 1500; x_wconf 83' lang='lat' dir='ltr'>borno</span> 
     </span>
     <span class='ocr_line' id='line_1_12' title="bbox 239 1539 1220 1625; baseline -0.006 -17"><span class='ocrx_word' id='word_1_71' title='bbox 239 1553 284 1610; x_wconf 81' lang='lat' dir='ltr'>eat</span> <span class='ocrx_word' id='word_1_72' title='bbox 305 1540 695 1625; x_wconf 68' lang='lat' dir='ltr'>adoraturastgntucar:</span> <span class='ocrx_word' id='word_1_73' title='bbox 715 1540 838 1617; x_wconf 84' lang='lat' dir='ltr'>Homo,</span> <span class='ocrx_word' id='word_1_74' title='bbox 857 1541 1015 1623; x_wconf 79' lang='lat' dir='ltr'>qarotent&#39;ta</span> <span class='ocrx_word' id='word_1_75' title='bbox 1036 1539 1220 1622; x_wconf 81' lang='lat' dir='ltr'>personali·</span> 
     </span>
     <span class='ocr_line' id='line_1_13' title="bbox 241 1644 1221 1732; baseline -0.004 -18"><span class='ocrx_word' id='word_1_76' title='bbox 241 1659 304 1716; x_wconf 85' lang='lat' dir='ltr'>tote</span> <span class='ocrx_word' id='word_1_77' title='bbox 324 1649 417 1714; x_wconf 83' lang='lat' dir='ltr'>Verbi</span> <span class='ocrx_word' id='word_1_78' title='bbox 436 1651 641 1725; x_wconf 84' lang='lat' dir='ltr'>terminator,</span> <span class='ocrx_word' id='word_1_79' title='bbox 654 1657 700 1712; x_wconf 81' lang='lat' dir='ltr'>eat</span> <span class='ocrx_word' id='word_1_80' title='bbox 716 1645 918 1711; x_wconf 81' lang='lat' dir='ltr'>adorandus.</span> <span class='ocrx_word' id='word_1_81' title='bbox 935 1645 1017 1726; x_wconf 81' lang='lat' dir='ltr'>Quae</span> <span class='ocrx_word' id='word_1_82' title='bbox 1044 1644 1221 1732; x_wconf 86' lang='lat' dir='ltr'>propositio</span> 
     </span>
     <span class='ocr_line' id='line_1_14' title="bbox 238 1751 1219 1841; baseline -0.005 -19"><span class='ocrx_word' id='word_1_83' title='bbox 238 1757 286 1824; x_wconf 80' lang='lat' dir='ltr'>sie</span> <span class='ocrx_word' id='word_1_84' title='bbox 297 1755 456 1822; x_wconf 85' lang='lat' dir='ltr'>intellecta</span> <span class='ocrx_word' id='word_1_85' title='bbox 470 1755 601 1820; x_wconf 84' lang='lat' dir='ltr'>evidens</span> <span class='ocrx_word' id='word_1_86' title='bbox 614 1767 677 1831; x_wconf 87' lang='lat' dir='ltr'>est;</span> <span class='ocrx_word' id='word_1_87' title='bbox 689 1771 826 1841; x_wconf 87' lang='lat' dir='ltr'>persona</span> <span class='ocrx_word' id='word_1_88' title='bbox 835 1752 923 1817; x_wconf 83' lang='lat' dir='ltr'>onim</span> <span class='ocrx_word' id='word_1_89' title='bbox 934 1751 1040 1829; x_wconf 88' lang='lat' dir='ltr'>Verbi,</span> <span class='ocrx_word' id='word_1_90' title='bbox 1056 1751 1219 1831; x_wconf 75' lang='lat' dir='ltr'>ardiolae,</span> 
     </span>
     <span class='ocr_line' id='line_1_15' title="bbox 239 1855 1221 1944; baseline -0.002 -17"><span class='ocrx_word' id='word_1_91' title='bbox 239 1873 288 1928; x_wconf 87' lang='lat' dir='ltr'>est</span> <span class='ocrx_word' id='word_1_92' title='bbox 301 1860 488 1938; x_wconf 89' lang='lat' dir='ltr'>adoranda,·</span> <span class='ocrx_word' id='word_1_93' title='bbox 499 1859 663 1944; x_wconf 88' lang='lat' dir='ltr'>simulque</span> <span class='ocrx_word' id='word_1_94' title='bbox 679 1859 842 1923; x_wconf 87' lang='lat' dir='ltr'>adoranda</span> <span class='ocrx_word' id='word_1_95' title='bbox 871 1865 919 1923; x_wconf 88' lang='lat' dir='ltr'>ost</span> <span class='ocrx_word' id='word_1_96' title='bbox 947 1855 1019 1943; x_wconf 90' lang='lat' dir='ltr'>ejus</span> <span class='ocrx_word' id='word_1_97' title='bbox 1035 1855 1221 1925; x_wconf 86' lang='lat' dir='ltr'>humanitas</span> 
     </span>
     <span class='ocr_line' id='line_1_16' title="bbox 238 1963 1221 2051; baseline 0 -19"><span class='ocrx_word' id='word_1_98' title='bbox 238 1966 362 2032; x_wconf 88' lang='lat' dir='ltr'>ratione</span> <span class='ocrx_word' id='word_1_99' title='bbox 380 1963 508 2029; x_wconf 88' lang='lat' dir='ltr'>unionis</span> <span class='ocrx_word' id='word_1_100' title='bbox 526 1963 746 2050; x_wconf 72' lang='lat' dir='ltr'>hypostaticae.</span> <span class='ocrx_word' id='word_1_101' title='bbox 765 1963 800 2030; x_wconf 78' lang='lat' dir='ltr'>l.</span> <span class='ocrx_word' id='word_1_102' title='bbox 827 1963 1008 2051; x_wconf 85' lang='lat' dir='ltr'>Explicatur</span> <span class='ocrx_word' id='word_1_103' title='bbox 1032 1965 1221 2033; x_wconf 85' lang='lat' dir='ltr'>maternitas</span> 
     </span>
     <span class='ocr_line' id='line_1_17' title="bbox 240 2066 1221 2157; baseline 0.003 -23"><span class='ocrx_word' id='word_1_104' title='bbox 240 2069 368 2136; x_wconf 82' lang='lat' dir='ltr'>diuina:</span> <span class='ocrx_word' id='word_1_105' title='bbox 390 2066 489 2145; x_wconf 87' lang='lat' dir='ltr'>Nam,</span> <span class='ocrx_word' id='word_1_106' title='bbox 515 2067 674 2134; x_wconf 85' lang='lat' dir='ltr'>sinatura</span> <span class='ocrx_word' id='word_1_107' title='bbox 697 2068 841 2134; x_wconf 80' lang='lat' dir='ltr'>laumana</span> <span class='ocrx_word' id='word_1_108' title='bbox 863 2069 993 2134; x_wconf 87' lang='lat' dir='ltr'>uniatur</span> <span class='ocrx_word' id='word_1_109' title='bbox 1019 2069 1221 2157; x_wconf 72' lang='lat' dir='ltr'>hypostatice</span> 
     </span>
     <span class='ocr_line' id='line_1_18' title="bbox 240 2171 1223 2268; baseline 0.004 -27"><span class='ocrx_word' id='word_1_110' title='bbox 240 2195 316 2241; x_wconf 91' lang='lat' dir='ltr'>cum</span> <span class='ocrx_word' id='word_1_111' title='bbox 331 2178 469 2261; x_wconf 79' lang='lat' dir='ltr'>persona</span> <span class='ocrx_word' id='word_1_112' title='bbox 486 2171 612 2252; x_wconf 78' lang='lat' dir='ltr'>divina,</span> <span class='ocrx_word' id='word_1_113' title='bbox 631 2175 667 2239; x_wconf 88' lang='lat' dir='ltr'>B.</span> <span class='ocrx_word' id='word_1_114' title='bbox 691 2173 785 2258; x_wconf 77' lang='lat' dir='ltr'>Virgo</span> <span class='ocrx_word' id='word_1_115' title='bbox 802 2183 850 2240; x_wconf 88' lang='lat' dir='ltr'>est</span> <span class='ocrx_word' id='word_1_116' title='bbox 867 2183 970 2242; x_wconf 87' lang='lat' dir='ltr'>mater</span> <span class='ocrx_word' id='word_1_117' title='bbox 988 2175 1130 2244; x_wconf 88' lang='lat' dir='ltr'>hominis</span> <span class='ocrx_word' id='word_1_118' title='bbox 1148 2193 1223 2268; x_wconf 83' lang='lat' dir='ltr'>per-</span> 
     </span>
     <span class='ocr_line' id='line_1_19' title="bbox 239 2277 1222 2370; baseline -0.002 -20"><span class='ocrx_word' id='word_1_119' title='bbox 239 2279 407 2350; x_wconf 79' lang='lat' dir='ltr'>sonalitate</span> <span class='ocrx_word' id='word_1_120' title='bbox 421 2277 712 2347; x_wconf 76' lang='lat' dir='ltr'>divinaterruioati.</span> <span class='ocrx_word' id='word_1_121' title='bbox 731 2281 812 2366; x_wconf 81' lang='lat' dir='ltr'>Ergo</span> <span class='ocrx_word' id='word_1_122' title='bbox 829 2281 888 2348; x_wconf 88' lang='lat' dir='ltr'>Dei</span> <span class='ocrx_word' id='word_1_123' title='bbox 905 2295 1008 2350; x_wconf 91' lang='lat' dir='ltr'>mater</span> <span class='ocrx_word' id='word_1_124' title='bbox 1028 2296 1088 2364; x_wconf 87' lang='lat' dir='ltr'>est,</span> <span class='ocrx_word' id='word_1_125' title='bbox 1105 2305 1222 2370; x_wconf 83' lang='lat' dir='ltr'>quam·</span> 
     </span>
     <span class='ocr_line' id='line_1_20' title="bbox 239 2385 1221 2474; baseline 0.003 -22"><span class='ocrx_word' id='word_1_126' title='bbox 239 2387 287 2453; x_wconf 82' lang='lat' dir='ltr'>ris</span> <span class='ocrx_word' id='word_1_127' title='bbox 302 2405 368 2452; x_wconf 88' lang='lat' dir='ltr'>uon</span> <span class='ocrx_word' id='word_1_128' title='bbox 384 2386 532 2472; x_wconf 78' lang='lat' dir='ltr'>genuerit</span> <span class='ocrx_word' id='word_1_129' title='bbox 548 2387 807 2474; x_wconf 87' lang='lat' dir='ltr'>personalitatem</span> <span class='ocrx_word' id='word_1_130' title='bbox 822 2385 989 2468; x_wconf 86' lang='lat' dir='ltr'>divinam;</span> <span class='ocrx_word' id='word_1_131' title='bbox 1007 2390 1091 2456; x_wconf 85' lang='lat' dir='ltr'>sicut</span> <span class='ocrx_word' id='word_1_132' title='bbox 1104 2387 1221 2456; x_wconf 84' lang='lat' dir='ltr'>mulier</span> 
     </span>
     <span class='ocr_line' id='line_1_21' title="bbox 240 2491 1224 2580; baseline 0.004 -20"><span class='ocrx_word' id='word_1_133' title='bbox 240 2491 639 2573; x_wconf 86' lang='lat' dir='ltr'>dieiturmaterhominis,</span> <span class='ocrx_word' id='word_1_134' title='bbox 664 2499 813 2580; x_wconf 76' lang='lat' dir='ltr'>quamvls</span> <span class='ocrx_word' id='word_1_135' title='bbox 827 2515 891 2560; x_wconf 91' lang='lat' dir='ltr'>non</span> <span class='ocrx_word' id='word_1_136' title='bbox 907 2496 1057 2579; x_wconf 78' lang='lat' dir='ltr'>genuerit</span> <span class='ocrx_word' id='word_1_137' title='bbox 1078 2497 1224 2564; x_wconf 86' lang='lat' dir='ltr'>animam</span> 
     </span>
     <span class='ocr_line' id='line_1_22' title="bbox 239 2600 757 2692; baseline -0.002 -25"><span class='ocrx_word' id='word_1_138' title='bbox 239 2606 304 2692; x_wconf 78' lang='lat' dir='ltr'>qua</span> <span class='ocrx_word' id='word_1_139' title='bbox 318 2621 435 2690; x_wconf 86' lang='lat' dir='ltr'>eorpus</span> <span class='ocrx_word' id='word_1_140' title='bbox 451 2600 486 2666; x_wconf 83' lang='lat' dir='ltr'>tn</span> <span class='ocrx_word' id='word_1_141' title='bbox 501 2601 631 2688; x_wconf 79' lang='lat' dir='ltr'>proprie</span> <span class='ocrx_word' id='word_1_142' title='bbox 645 2601 757 2667; x_wconf 91' lang='lat' dir='ltr'>bomo.</span> 
     </span>
    </p>

    <p class='ocr_par' dir='ltr' id='par_1_3' title="bbox 285 2705 1175 2798">
     <span class='ocr_line' id='line_1_23' title="bbox 285 2705 1175 2798; baseline 0.003 -25"><span class='ocrx_word' id='word_1_143' title='bbox 285 2705 322 2773; x_wconf 75' lang='lat'>5⁰</span> <span class='ocrx_word' id='word_1_144' title='bbox 333 2707 406 2776; x_wconf 87' lang='lat' dir='ltr'>Sola</span> <span class='ocrx_word' id='word_1_145' title='bbox 424 2709 530 2774; x_wconf 83' lang='lat' dir='ltr'>reddit</span> <span class='ocrx_word' id='word_1_146' title='bbox 541 2710 696 2775; x_wconf 89' lang='lat' dir='ltr'>rationem</span> <span class='ocrx_word' id='word_1_147' title='bbox 713 2710 882 2776; x_wconf 78' lang='lat' dir='ltr'>reritmum</span> <span class='ocrx_word' id='word_1_148' title='bbox 900 2711 1175 2798; x_wconf 77' lang='lat' dir='ltr'>praecedentium:</span> 
     </span>
    </p>

    <p class='ocr_par' dir='ltr' id='par_1_4' title="bbox 239 2814 1227 3228">
     <span class='ocr_line' id='line_1_24' title="bbox 284 2814 1227 2902; baseline 0.005 -21"><span class='ocrx_word' id='word_1_149' title='bbox 284 2815 318 2881; x_wconf 89' lang='lat' dir='ltr'>Si</span> <span class='ocrx_word' id='word_1_150' title='bbox 329 2814 391 2882; x_wconf 89' lang='lat' dir='ltr'>alia</span> <span class='ocrx_word' id='word_1_151' title='bbox 409 2815 485 2882; x_wconf 90' lang='lat' dir='ltr'>unio</span> <span class='ocrx_word' id='word_1_152' title='bbox 502 2828 611 2902; x_wconf 86' lang='lat' dir='ltr'>posset</span> <span class='ocrx_word' id='word_1_153' title='bbox 623 2815 761 2882; x_wconf 89' lang='lat' dir='ltr'>reddere</span> <span class='ocrx_word' id='word_1_154' title='bbox 786 2817 942 2882; x_wconf 90' lang='lat' dir='ltr'>rationem</span> <span class='ocrx_word' id='word_1_155' title='bbox 967 2818 1139 2884; x_wconf 83' lang='lat' dir='ltr'>veritatum</span> <span class='ocrx_word' id='word_1_156' title='bbox 1167 2836 1227 2886; x_wconf 88' lang='lat' dir='ltr'>su-</span> 
     </span>
     <span class='ocr_line' id='line_1_25' title="bbox 239 2921 1224 3010; baseline 0.004 -22"><span class='ocrx_word' id='word_1_157' title='bbox 239 2922 522 3010; x_wconf 77' lang='lat' dir='ltr'>praexpasitarum</span> <span class='ocrx_word' id='word_1_158' title='bbox 537 2944 545 2998; x_wconf 84' lang='lat'><em>3</em></span> <span class='ocrx_word' id='word_1_159' title='bbox 562 2921 610 2988; x_wconf 82' lang='lat' dir='ltr'>vel</span> <span class='ocrx_word' id='word_1_160' title='bbox 622 2922 857 3002; x_wconf 81' lang='lat' dir='ltr'>uniomorolia,</span> <span class='ocrx_word' id='word_1_161' title='bbox 873 2925 915 2996; x_wconf 85' lang='lat' dir='ltr'>ad</span> <span class='ocrx_word' id='word_1_162' title='bbox 926 2942 1057 2990; x_wconf 85' lang='lat' dir='ltr'>sensum</span> <span class='ocrx_word' id='word_1_163' title='bbox 1067 2927 1224 3005; x_wconf 76' lang='lat' dir='ltr'>Nestorii3</span> 
     </span>
     <span class='ocr_line' id='line_1_26' title="bbox 239 3023 1225 3120; baseline 0.008 -28"><span class='ocrx_word' id='word_1_164' title='bbox 239 3027 288 3094; x_wconf 84' lang='lat' dir='ltr'>rel</span> <span class='ocrx_word' id='word_1_165' title='bbox 315 3028 391 3094; x_wconf 91' lang='lat' dir='ltr'>unio</span> <span class='ocrx_word' id='word_1_166' title='bbox 416 3049 478 3113; x_wconf 84' lang='lat' dir='ltr'>por</span> <span class='ocrx_word' id='word_1_167' title='bbox 504 3029 745 3112; x_wconf 74' lang='lat' dir='ltr'>confusionem,</span> <span class='ocrx_word' id='word_1_168' title='bbox 780 3031 821 3097; x_wconf 90' lang='lat' dir='ltr'>ad</span> <span class='ocrx_word' id='word_1_169' title='bbox 853 3050 984 3098; x_wconf 88' lang='lat' dir='ltr'>sensum</span> <span class='ocrx_word' id='word_1_170' title='bbox 1021 3023 1225 3120; x_wconf 82' lang='lat' dir='ltr'>Eutyobelis.</span> 
     </span>
     <span class='ocr_line' id='line_1_27' title="bbox 240 3133 732 3228; baseline -0.004 -30"><span class='ocrx_word' id='word_1_171' title='bbox 240 3133 350 3208; x_wconf 88' lang='lat' dir='ltr'>Porro,</span> <span class='ocrx_word' id='word_1_172' title='bbox 730 3223 732 3228; x_wconf 12' lang='grc' dir='ltr'><strong><em>Δ</em></strong></span> 
     </span>
    </p>

    <p class='ocr_par' dir='ltr' id='par_1_5' title="bbox 237 3235 1231 3648">
     <span class='ocr_line' id='line_1_28' title="bbox 269 3235 1229 3334; baseline 0.011 -33"><span class='ocrx_word' id='word_1_173' title='bbox 269 3235 353 3302; x_wconf 82' lang='lat' dir='ltr'>&#39;Non</span> <span class='ocrx_word' id='word_1_174' title='bbox 370 3237 447 3303; x_wconf 87' lang='lat' dir='ltr'>unio</span> <span class='ocrx_word' id='word_1_175' title='bbox 468 3239 619 3306; x_wconf 82' lang='lat' dir='ltr'>marolis:</span> <span class='ocrx_word' id='word_1_176' title='bbox 642 3243 701 3308; x_wconf 83' lang='lat' dir='ltr'>Per</span> <span class='ocrx_word' id='word_1_177' title='bbox 722 3244 875 3312; x_wconf 85' lang='lat' dir='ltr'>unionem</span> <span class='ocrx_word' id='word_1_178' title='bbox 894 3246 1050 3315; x_wconf 85' lang='lat' dir='ltr'>moralem</span> <span class='ocrx_word' id='word_1_179' title='bbox 1067 3247 1229 3334; x_wconf 84' lang='lat' dir='ltr'>explicari</span> 
     </span>
     <span class='ocr_line' id='line_1_29' title="bbox 238 3346 1227 3432; baseline 0.01 -20"><span class='ocrx_word' id='word_1_180' title='bbox 238 3354 305 3412; x_wconf 81' lang='lat' dir='ltr'>unu</span> <span class='ocrx_word' id='word_1_181' title='bbox 325 3348 432 3432; x_wconf 85' lang='lat' dir='ltr'>potest</span> <span class='ocrx_word' id='word_1_182' title='bbox 456 3346 488 3411; x_wconf 92' lang='lat' dir='ltr'>l.</span> <span class='ocrx_word' id='word_1_183' title='bbox 507 3347 673 3414; x_wconf 85' lang='lat' dir='ltr'>attributio</span> <span class='ocrx_word' id='word_1_184' title='bbox 703 3352 963 3419; x_wconf 85' lang='lat' dir='ltr'>naturaediriuae</span> <span class='ocrx_word' id='word_1_185' title='bbox 991 3366 1022 3420; x_wconf 87' lang='lat' dir='ltr'>et</span> <span class='ocrx_word' id='word_1_186' title='bbox 1047 3354 1227 3432; x_wconf 87' lang='lat' dir='ltr'>humanae,</span> 
     </span>
     <span class='ocr_line' id='line_1_30' title="bbox 237 3451 1231 3543; baseline 0.011 -24"><span class='ocrx_word' id='word_1_187' title='bbox 237 3451 470 3542; x_wconf 87' lang='lat' dir='ltr'>proprietatum</span> <span class='ocrx_word' id='word_1_188' title='bbox 495 3456 725 3543; x_wconf 86' lang='lat' dir='ltr'>actionumque</span> <span class='ocrx_word' id='word_1_189' title='bbox 750 3459 931 3525; x_wconf 83' lang='lat' dir='ltr'>divinarum</span> <span class='ocrx_word' id='word_1_190' title='bbox 946 3473 978 3526; x_wconf 87' lang='lat' dir='ltr'>et</span> <span class='ocrx_word' id='word_1_191' title='bbox 1000 3461 1231 3530; x_wconf 83' lang='lat' dir='ltr'>humanarum</span> 
     </span>
     <span class='ocr_line' id='line_1_31' title="bbox 238 3555 1230 3648; baseline 0.013 -24"><span class='ocrx_word' id='word_1_192' title='bbox 238 3555 345 3625; x_wconf 78' lang='lat' dir='ltr'>eidem</span> <span class='ocrx_word' id='word_1_193' title='bbox 367 3561 526 3648; x_wconf 84' lang='lat' dir='ltr'>subjecto.</span> <span class='ocrx_word' id='word_1_194' title='bbox 547 3565 628 3630; x_wconf 90' lang='lat' dir='ltr'>Unio</span> <span class='ocrx_word' id='word_1_195' title='bbox 646 3567 732 3631; x_wconf 90' lang='lat' dir='ltr'>euim</span> <span class='ocrx_word' id='word_1_196' title='bbox 750 3567 879 3633; x_wconf 89' lang='lat' dir='ltr'>moralis</span> <span class='ocrx_word' id='word_1_197' title='bbox 902 3580 949 3634; x_wconf 87' lang='lat' dir='ltr'>est</span> <span class='ocrx_word' id='word_1_198' title='bbox 972 3587 1061 3636; x_wconf 87' lang='lat' dir='ltr'>mera</span> <span class='ocrx_word' id='word_1_199' title='bbox 1084 3569 1230 3648; x_wconf 77' lang='lat' dir='ltr'>relati03</span> 
     </span>
    </p>
   </div>
   <div class='ocr_carea' id='block_1_3' title="bbox 238 3665 1232 3766">
    <p class='ocr_par' dir='ltr' id='par_1_6' title="bbox 238 3665 1232 3766">
     <span class='ocr_line' id='line_1_32' title="bbox 238 3665 1232 3766; baseline 0.011 -35"><span class='ocrx_word' id='word_1_200' title='bbox 238 3665 335 3750; x_wconf 73' lang='lat' dir='ltr'>porro</span> <span class='ocrx_word' id='word_1_201' title='bbox 352 3687 450 3733; x_wconf 84' lang='lat' dir='ltr'>merae</span> <span class='ocrx_word' id='word_1_202' title='bbox 463 3667 609 3736; x_wconf 87' lang='lat' dir='ltr'>relationi</span> <span class='ocrx_word' id='word_1_203' title='bbox 626 3672 754 3739; x_wconf 89' lang='lat' dir='ltr'>attribui</span> <span class='ocrx_word' id='word_1_204' title='bbox 768 3695 832 3742; x_wconf 79' lang='lat' dir='ltr'>raon</span> <span class='ocrx_word' id='word_1_205' title='bbox 850 3685 984 3764; x_wconf 85' lang='lat' dir='ltr'>possunt</span> <span class='ocrx_word' id='word_1_206' title='bbox 997 3687 1123 3757; x_wconf 87' lang='lat' dir='ltr'>natura,</span> <span class='ocrx_word' id='word_1_207' title='bbox 1144 3697 1232 3766; x_wconf 89' lang='lat' dir='ltr'>pro·</span> 
     </span>
    </p>
   </div>
   <div class='ocr_carea' id='block_1_4' title="bbox 0 0 1360 4116">
    <p class='ocr_par' dir='ltr' id='par_1_7' title="bbox 0 0 1360 4116">
     <span class='ocr_line' id='line_1_33' title="bbox 0 0 1360 4116; baseline 0 0"><span class='ocrx_word' id='word_1_208' title='bbox 0 0 1360 4116; x_wconf 95' lang='lat' dir='ltr'> </span> 
     </span>
    </p>
   </div>
  </div>
 </body>
</html>
