2622 4154
529 277 707 340 ..ffl-

126 419 241 491 lPetr.
256 416 289 496 f,
304 417 338 496 ἢ
355 412 484 484 diffusio
499 415 675 499 eharitatis,
695 419 789 484 Rom.
813 419 845 498 ll,
867 419 899 498 t;
920 423 1118 492 resurreetio

127 535 347 601 mortuorum,
366 523 458 590 Rom.
479 521 512 604 8,
529 523 595 604 tt;
621 526 765 609 regimen
789 525 952 607 Ecclesiae,
970 529 1037 596 Aet.
1054 530 1115 610 15,

127 631 162 696 l:
176 651 252 718 quae
269 629 378 695 omnia
396 643 580 718 suntopera
597 631 723 699 divina.

174 737 327 824 Spiritus,
345 756 482 822 persona
500 737 606 803 divina
630 757 648 802 a
666 739 814 804 Papauer
832 736 916 804 Frmo
936 758 1114 807 mennam:

135 841 287 915 Distineta
306 847 325 906 a
341 841 453 908 Patre:
473 843 616 928 Spiritus
629 893 641 924 ,.
661 865 758 930 quem
781 844 883 911 mittet
905 847 1016 912 Pater.
1036 847 1113 914 Dis-¹

60 983 66 994 ·
135 946 226 1015 tincta
248 955 268 1014 a
287 947 390 1014 Filio:
410 947 523 1014 Abluti
543 950 661 1014 artie..
689 951 724 1015 iu
751 953 879 1018 nornine
908 953 951 1019 D.
971 953 1015 1020 tt.
1037 955 1113 1020 lesu

137 1055 268 1135 Christi‚·'
283 1065 314 1119 et
329 1056 364 1121 in
381 1054 509 1140 Spiritu
531 1056 594 1121 Dei
614 1057 731 1124 nostri.
756 1057 853 1124 Pilius
871 1060 940 1147 ipse
960 1060 1057 1127 dicit:
1072 1063 1113 1128 Iu

142 1161 257 1244 Spiritu
280 1161 344 1226 Dei
369 1160 463 1244 ejicio
497 1163 669 1228 demones.
707 1161 860 1248 Spiritus,
887 1185 981 1249 quem
1010 1167 1116 1234 mittet

153 1267 243 1332 Peter
254 1268 285 1336 in
295 1271 420 1336 nomine
435 1289 518 1334 meo.

411 1442 446 1492 ll¹
464 1442 500 1494 De
514 1439 661 1492 Traubione
678 1439 827 1494 christlaat.

137 1589 139 1596 '
175 1574 256 1644 cum
281 1574 459 1643 adversarii
488 1573 659 1642 admittant
689 1575 807 1660 dogma
832 1572 996 1641 Trinitatis
1024 1576 1114 1662 apud
1180 1613 1185 1624 ·

130 1677 329 1746 Christianos
355 1680 496 1766 viguisse
518 1692 590 1769 post
609 1667 790 1747 Concilium
812 1681 991 1760 Nicaenum,
1010 1680 1042 1745 id
1064 1691 1112 1749 est

127 1785 336 1867 lV⁰saeeulo‚
360 1786 499 1854 sufficiat
513 1807 674 1876 exponere
694 1787 901 1853 traditionem
923 1787 1111 1876 praeceden-

129 1891 426 1982 tiumtemporum.

165 2000 273 2064 Porro
290 1997 349 2063 ista
366 1998 495 2065 traditio
512 1996 678 2064 constatl.
698 1997 953 2083 professionibus
968 1996 1058 2076 fidei,
1073 1995 1109 2062 l.

19 2179 20 2188 ἦ
122 2102 387 2170 confessionibus
413 2115 610 2192 martyrum,
632 2101 664 2168 5.
687 2103 879 2169 testimoniis
904 2105 1054 2181 Petrum,
1072 2099 1108 2166 l.

19 2243 21 2336 t

19 2205 20 2260 ἶ
119 2207 229 2288 factis,
244 2231 385 2298 quorum
398 2211 459 2278 alia
472 2211 605 2291 directe,
618 2209 679 2275 alia
696 2209 850 2277 indirecte
860 2209 1000 2298 probant
1011 2207 1111 2274 fidem

19 2345 21 2406 t
120 2319 311 2406 primorum
327 2318 535 2384 saeculorum.
559 2335 562 2340 '

121 2449 125 2457 ·
159 2425 196 2490 1.
217 2423 480 2509 professionibus
493 2425 582 2512 fidei.

164 2531 209 2594 l⁰
222 2527 376 2616 Symbola
392 2530 587 2618 Apostolieo,
614 2531 702 2612 quod
718 2579 726 2608 ‚
741 2529 832 2614 juata
852 2526 1019 2599 eruditos,
1044 2522 1110 2586 vim

115 2637 157 2704 ob
171 2635 267 2701 tinuit
282 2639 300 2704 b
313 2636 473 2726 primaevis
489 2631 710 2720 temporibus:
739 2633 840 2696 Crede
862 2631 897 2694 ire
919 2630 1022 2692 Deum
1038 2627 1105 2690 Pu·

19 2821 20 2830 ἵ
117 2755 251 2814 trem...
277 2754 306 2810 et
329 2742 364 2810 in
385 2744 493 2809 desum
523 2739 685 2806 Christum
701 2739 820 2806 Filium
840 2734 909 2820 ejus
929 2725 1125 2800 unieurn...'

117 2850 230 2917 Credo
239 2844 274 2915 in
290 2847 450 2934 Spiritum
465 2847 638 2915 Sanctum.

19 3013 20 3024 ,
122 2968 126 2976 ’
164 2955 208 3021 2⁰
225 2955 315 3022 Fidei
340 2954 542 3043 professione
563 2953 650 3020 edita
673 2950 855 3022 aPatribus
870 2947 1106 3028 Alexandrinis,

19 3029 21 3090 Ξ
117 3064 155 3129 itt
187 3061 324 3149 epistola
341 3057 381 3126 ad
398 3061 535 3129 Paulum
549 3037 809 3134 Samosatenum
828 3059 860 3123 in
875 3065 951 3146 qud,
965 3053 1110 3146 exposito

117 3165 202 3234 fidei
218 3165 374 3252 dogmate
401 3167 443 3233 de
459 3165 529 3233 Filii
544 3161 711 3234 divinitate
736 3185 774 3232 ee
797 3165 839 3231 de
854 3164 1022 3241 Trinitate,
1042 3168 1106 3227 tes·

120 3285 247 3356 tantur,
259 3273 303 3341 ita
313 3281 345 3340 et
354 3273 548 3362 praedicasse
561 3267 617 3340 SS.
630 3274 751 3351 Patres,
768 3278 799 3336 et
810 3270 872 3338 sibi
886 3266 1108 3336 confitendum

119 3381 414 3470 profitendumque
430 3379 616 3447 tradidisse.
1115 3391 1118 3394 ·

167 3485 203 3552 5⁹
217 3487 426 3555 Professione
443 3487 476 3553 S.
492 3481 638 3568 Gregorii
654 3479 910 3564 Thaumaturgi:
933 3478 1020 3546 Unus
1037 3478 1106 3546 Do·

122 3593 244 3676 minue,
257 3595 344 3662 solare
361 3613 400 3660 ear
416 3594 494 3671 eolo,
515 3591 655 3658 Deserere
672 3586 783 3656 Deo...
802 3587 905 3656 Filios
927 3607 1023 3656 verus
1039 3584 1109 3654 ueri

885 3724 892 3740 a
959 3691 975 3724 ἢ
1001 3693 1010 3707 ³¹
