2640 4150
592 215 639 238 ν·
666 179 796 254 196-

200 307 474 415 ecipso'postttve
490 304 816 414 reprobaturaergo,
835 323 862 392 sl
882 323 1069 414 reprobatio
1085 349 1183 420 nepu-
1219 345 1221 349 ’

198 431 262 500 tite
273 427 531 510 sitantecedcns,
546 428 644 500 etiam
660 429 854 498 antecedens
867 438 916 498 est
931 432 1115 523 reprobatio
1127 459 1182 528 po-

198 537 303 620 sitiva,
319 536 408 628 quod
425 535 466 605 ab
483 537 676 607 adversariis
688 535 846 626 rejicitur.

222 644 384 712 lnsnua
401 643 580 734 quaestione
597 644 638 712 de
654 644 760 712 causis
776 643 1083 733 praedestinationis,
1102 648 1181 718 solvi

196 769 264 822 non
281 736 387 841 potest
410 750 546 838 quaestio
568 750 609 819 dc
630 750 735 821 causis
755 749 995 840 reprobationis
1010 755 1180 839 ‘aeganem

196 857 244 928 nb
262 861 299 926 ed
312 855 494 924 dirimenda
506 856 720 938 abstinemus,
733 869 765 924 ct
785 857 818 922 in
835 857 1022 946 opinionem
1040 879 1114 948 quae
1130 859 1178 929 ai·
1293 903 1295 910 ι

198 961 306 1032 firman
322 962 584 1052 reprobationem
596 963 693 1036 etiarn
710 963 891 1049 negativam
910 985 948 1034 ex
965 965 1110 1054 praevisis
1121 969 1178 1036 dc·

199 1069 324 1140 meritis
348 1068 553 1151 inclinamur,
576 1081 707 1161 propter
730 1069 872 1138 rationes
896 1075 995 1161 supra
1021 1073 1178 1206 expositas

197 1172 309 1242 ubido
323 1165 625 1246 Prodest-mutiam.

220 1280 368 1369 ¹Quaere
383 1279 432 1348 9.
447 1280 601 1368 Aquilae
614 1282 756 1369 peccatis
768 1281 910 1369 pendent
925 1280 1184 1370 rependerimus

52 1428 61 1454 ·‚
196 1405 238 1454 ea·
252 1388 420 1476 cripinoli,
436 1407 482 1455 arr
494 1387 756 1454 eructantibus?

240 1493 339 1580 neap.
356 1492 414 1563 vet
430 1493 537 1580 agitur
551 1493 593 1560 de
607 1491 785 1560 infantibus
806 1492 875 1560 sine
892 1491 1085 1582 baptismate
1101 1511 1176 1558 mo-

197 1596 367 1676 rientibus,
378 1595 429 1666 tel
445 1597 487 1665 de
499 1595 687 1666 infidelibus
702 1584 833 1680 adultis,
859 1598 909 1665 vel
925 1599 965 1665 dc
981 1597 1178 1664 christianis.

243 1697 567 1770 ratiocinantibus
581 1723 590 1769 a
604 1701 789 1791 reprobatio
798 1703 920 1790 pendet
932 1707 952 1770 a
963 1702 1032 1771 solo
1045 1709 1181 1791 peccato

198 1807 367 1895 originali3
385 1807 522 1876 infantes
536 1807 626 1876 enim
635 1801 762 1876 nullum
776 1821 946 1898 peccatum
955 1810 1083 1878 actuale
1094 1826 1184 1878 com·

77 1909 87 1952 Γ
197 1913 371 1984 miserunt.
442 1925 443 1932 ’

223 2021 281 2124 9ο
297 2022 330 2092 Si
349 2021 392 2092 de
406 2019 593 2091 infidelibus
611 2019 751 2089 adultis:
774 2023 895 2113 pendet
915 2028 935 2091 a
952 2020 1093 2114 peccatis
1109 2025 1199 2094 ttun

188 2125 358 2218 ‘originali
385 2133 456 2199 td'm
475 2127 657 2198 actualibus
669 2123 682 2210 ;’
701 2121 777 2196 nam
804 2123 952 2198 infideles
979 2127 1082 2198 adulti
1104 2140 1185 2196 sunt

196 2235 245 2304 rei
261 2234 399 2325 peccatis
409 2231 486 2302 tium
493 2233 653 2324 originali,
667 2238 737 2302 turn
750 2235 945 2306 actualibus.
997 2225 1001 2230 ’

221 2339 282 2408 τ50
305 2341 339 2409 Si
358 2341 400 2410 de
415 2341 626 2412 christianiss
653 2342 775 2433 pendet
795 2346 814 2412 b
832 2336 973 2433 ¹peccatis
998 2339 1181 2432 actualibus

195 2446 340 2518 tantiam.'
354 2449 524 2540 Baptizatis
539 2441 629 2520 euim
642 2448 791 2520 absolute
806 2450 980 2521 remissurn
993 2449 1054 2520 luit
1064 2469 1183 2538 pecca·

196 2557 277 2627 tum
289 2557 459 2648 originale,
483 2555 612 2628 dicente
625 2557 799 2651 Apostolo,
818 2559 913 2630 Ram.
930 2557 965 2640 8,
982 2559 995 2626 l
1012 2581 1021 2625 ε
1041 2559 1177 2627 Nihil...

196 2654 525 2738 praedamnationis
533 2661 581 2739 eat
591 2665 644 2753 iia,
663 2661 722 2756 pul
736 2678 812 2738 aunt
828 2669 862 2736 in
880 2657 1008 2740 cbristo
1022 2665 1109 2734 lesu.
1169 2689 1172 2695 ··
