2622 4154
612 378 792 444 ..ιδῃ

212 523 288 588 dem
305 517 560 587 ad-elioiertdom
571 529 677 583 aetum
695 516 953 602 hdeirequiritur
965 535 1062 597 eausa
1078 537 1195 604 super-

211 626 378 702 naturalis,
409 645 505 712 porro
521 623 611 690 nulla
633 621 706 701 alia,
733 621 999 709 praetergratiam
1017 623 1192 702 actualem,

212 732 249 796 in.
265 731 333 808 istis
356 729 546 796 hominibus
568 727 694 815 operari
711 734 826 814 potest,
848 731 921 791 oum
943 747 982 792 ex
997 715 1192 813 hypothesi,

210 836 294 916 absit
311 835 393 902 tides
411 833 596 914 habitualis.
617 833 683 900 lloo
699 839 747 898 est
765 833 862 898 etiam
879 851 992 900 verum
1009 833 1117 917 quoad
1131 833 1194 898 ho-

135 964 137 969 ·
211 941 381 1028 minasqui
392 940 490 1017 fidem
505 938 704 1018 habitualem
716 938 852 1016 habent3
867 938 1028 1024 siquidem
1041 939 1192 1018 inferius,

214 1049 272 1114 ubi
297 1050 347 1118 de.
365 1048 491 1124 Grotid,
515 1045 708 1134 probabitur
730 1043 898 1112 hominem
916 1065 981 1113 nort
1009 1065 1105 1131 posse
1120 1045 1203 1112 sino·

205 1154 321 1238 gratiae
334 1153 493 1232 interioris
504 1153 625 1228 auxilio
636 1150 762 1218 oelldei
774 1152 907 1238 quidem
917 1151 1044 1220 initium
1054 1150 1190 1218 hahere.

253 1261 371 1327 [roa
383 1259 621 1332 conditionibus
639 1259 823 1327 intrinsecis
838 1269 867 1324 et
887 1257 1112 1325 constitutivis.
1182 1339 1183 1344 ἵ

256 1367 370 1448 Ωιιωτ.
386 1368 545 1450 omnam
560 1364 646 1434 sinti

253 1474 350 1560 Hesp.
375 1474 454 1540 Aliae
475 1472 688 1560 requiruntur
704 1494 743 1540 ex
759 1479 850 1560 parte
876 1467 1015 1557 subjecti
1030 1519 1039 1551 ‚
1055 1469 1127 1544 aliae
1152 1491 1193 1538 ex

209 1591 300 1666 parte
317 1577 448 1666 objecti,
466 1579 538 1646 aliae
556 1600 594 1644 ex
610 1590 700 1665 parte
716 1579 840 1660 motivi.

252 1686 289 1752 l⁰
303 1685 353 1752 Ea
365 1696 464 1770 porte
481 1684 636 1768 subjecti:
649 1682 834 1772 Requiritur
847 1681 995 1748 adhaesio
1011 1683 1115 1768 firma,
1127 1682 1188 1749 du*

207 1789 323 1878 plicam
341 1791 513 1882 includens
532 1795 660 1867 aetum,
683 1787 839 1854 libertatis
862 1787 984 1856 scilieet
1005 1795 1038 1858 et
1068 1789 1189 1857 intelli·-

208 1896 340 1982 gantiae⁶

251 1999 353 2066 Prot.
368 1999 555 2086 Requiritur
576 1999 736 2070 adhaesio:
761 2001 823 2071 hoo
833 2001 964 2074 arideus
981 2011 1040 2080 est,
1055 2001 1190 2068 erdess-

208 2107 332 2176 nitiouo
349 2110 439 2178 aetus
454 2106 530 2179 fidei
543 2129 551 2184 ;
566 2111 615 2156 -’
630 2108 774 2176 adhaesio
799 2108 906 2184 firma,
924 2129 985 2180 seu
1011 2106 1190 2188 expeludeus

209 2233 306 2282 omne
330 2213 488 2281 dubium:
519 2213 664 2300 alioquin
681 2214 809 2282 adesset
825 2235 952 2299 merum
969 2213 1109 2281 dubium
1121 2219 1189 2280 'aut

208 2339 298 2394 mera
327 2319 458 2406 opinio,
488 2325 584 2407 prout
611 2321 788 2409 propositio
810 2320 1058 2390 contradictoria
1082 2320 1187 2386 menti

208 2430 377 2512 appareret
396 2430 488 2510 seque
512 2425 703 2511 probabilis,
734 2425 806 2511 plus
823 2425 971 2493 minusve
987 2424 1165 2512 probabilis
1176 2450 1186 2514 ς

208 2529 433 2606 s—inoludeos
461 2541 570 2596 aotam
589 2531 747 2596 libertatis
757 2551 769 2594 r
784 2529 950 2616 objectum
970 2532 1057 2599 onim
1085 2531 1184 2610 fidei,

161 2628 164 2632 ’
207 2641 367 2723 quatenus
394 2637 533 2704 sumitur
557 2648 598 2710 ,ut
612 2635 777 2723 objectum
794 2637 884 2716 fidei,
906 2637 1188 2706 debet-esseohs·

168 2774 171 2780 ·
206 2763 333 2824 eurum,
349 2755 384 2820 ut
399 2743 482 2812 iniria
496 2742 638 2822 dioetur3
661 2744 811 2831 proinde,
829 2747 910 2814 ,edm
929 2764 1082 2810 assensus
1098 2767 1183 2832 prae-

205 2850 1187 2936 stariuequeatproptereviderttiamrei,deterroioaodusest

203 2955 387 3032 aetalihero
398 2955 588 3035 voluntatis3
602 2991 644 3004 -
653 2947 823 3022 includens
832 2945 939 3021 aetum
949 2955 1181 3040 intelligentiae:

205 3057 367 3142 siquidem
388 3059 564 3144 requiritur
579 3059 854 3138 aetusroluntatis
867 3061 1076 3150 liber,''porro
1092 3071 1184 3136 aetus

206 3152 1187 3254 voluntatispropriediotussupponitoognitiooemproaviam,-

205 3272 302 3335 seeiss
316 3281 400 3347 esset
416 3281 504 3344 aetus
520 3271 736 3354 irrstinetirus,
752 3295 817 3340 non
834 3273 1022 3338 verstlther.
1060 3329 1061 3334 ,

239 3363 1187 3470 2⁰domateobjecti:10hjeatum‘fldeicatholioaefdebes

206 3499 295 3552 esse:
312 3481 580 3550 veritasinrerbo
597 3485 677 3568 Dei(
687 3488 718 3552 in
728 3485 894 3572 Scriptura
905 3493 962 3553 aut
976 3485 1186 3568 Traditione)

205 3594 365 3666 contenta,
380 3591 496 3655 veritas
520 3589 658 3662 obseura
677 3592 759 3660 stab
775 3591 917 3670 ¹Ecclesia
930 3591 1096 3682 proposita
1113 3598 1185 3669 tau·

205 3697 302 3778 quarn
323 3693 592 3768 'aDeorevelata
