<?xml version="1.0" encoding="UTF-8"?>
<!DOCTYPE html PUBLIC "-//W3C//DTD XHTML 1.0 Transitional//EN"
    "http://www.w3.org/TR/xhtml1/DTD/xhtml1-transitional.dtd">
<html xmlns="http://www.w3.org/1999/xhtml" xml:lang="en" lang="en">
 <head>
  <title>
</title>
<meta http-equiv="Content-Type" content="text/html;charset=utf-8" />
  <meta name='ocr-system' content='tesseract 3.04.00' />
  <meta name='ocr-capabilities' content='ocr_page ocr_carea ocr_par ocr_line ocrx_word'/>
</head>
<body>
  <div class='ocr_page' id='page_1' title='image "./theologiadogmat03fraigoog_0015.png"; bbox 0 0 2622 4154; ppageno 0'>
   <div class='ocr_carea' id='block_1_1' title="bbox 605 396 761 462">
    <p class='ocr_par' dir='ltr' id='par_1_1' title="bbox 605 396 761 462">
     <span class='ocr_line' id='line_1_1' title="bbox 605 396 761 462; baseline -0.006 -15"><span class='ocrx_word' id='word_1_1' title='bbox 605 396 761 462; x_wconf 55' lang='grc' dir='ltr'><strong>-μ,</strong></span> 
     </span>
    </p>
   </div>
   <div class='ocr_carea' id='block_1_2' title="bbox 149 534 1178 2211">
    <p class='ocr_par' dir='ltr' id='par_1_2' title="bbox 186 534 1174 1363">
     <span class='ocr_line' id='line_1_2' title="bbox 186 534 1174 624; baseline 0 -19"><span class='ocrx_word' id='word_1_2' title='bbox 186 535 287 605; x_wconf 88' lang='lat' dir='ltr'><strong>linem</strong></span> <span class='ocrx_word' id='word_1_3' title='bbox 296 534 446 602; x_wconf 87' lang='lat' dir='ltr'><strong>ultimum</strong></span> <span class='ocrx_word' id='word_1_4' title='bbox 458 535 564 622; x_wconf 87' lang='lat' dir='ltr'><strong>seipso</strong></span> <span class='ocrx_word' id='word_1_5' title='bbox 574 534 727 620; x_wconf 65' lang='lat' dir='ltr'><strong>dignum</strong></span> <span class='ocrx_word' id='word_1_6' title='bbox 741 555 838 624; x_wconf 88' lang='lat' dir='ltr'><strong>porro</strong></span> <span class='ocrx_word' id='word_1_7' title='bbox 849 545 995 602; x_wconf 89' lang='lat' dir='ltr'><strong>creatura</strong></span> <span class='ocrx_word' id='word_1_8' title='bbox 1008 555 1072 604; x_wconf 92' lang='lat' dir='ltr'><strong>non</strong></span> <span class='ocrx_word' id='word_1_9' title='bbox 1086 541 1174 605; x_wconf 87' lang='lat' dir='ltr'><strong>esset</strong></span> 
     </span>
     <span class='ocr_line' id='line_1_3' title="bbox 186 640 1172 735; baseline 0.004 -29"><span class='ocrx_word' id='word_1_10' title='bbox 186 640 261 706; x_wconf 80' lang='lat' dir='ltr'><strong>finis</strong></span> <span class='ocrx_word' id='word_1_11' title='bbox 276 641 410 710; x_wconf 85' lang='lat' dir='ltr'><strong>ultimus</strong></span> <span class='ocrx_word' id='word_1_12' title='bbox 427 641 496 706; x_wconf 87' lang='lat' dir='ltr'><strong>Deo</strong></span> <span class='ocrx_word' id='word_1_13' title='bbox 509 641 639 725; x_wconf 71' lang='lat' dir='ltr'><strong>dignus,</strong></span> <span class='ocrx_word' id='word_1_14' title='bbox 660 645 734 714; x_wconf 80' lang='lat' dir='ltr'><strong>curn</strong></span> <span class='ocrx_word' id='word_1_15' title='bbox 751 641 840 707; x_wconf 88' lang='lat' dir='ltr'><strong>Deus</strong></span> <span class='ocrx_word' id='word_1_16' title='bbox 856 641 957 730; x_wconf 89' lang='lat' dir='ltr'><strong>possit</strong></span> <span class='ocrx_word' id='word_1_17' title='bbox 970 641 1032 708; x_wconf 90' lang='lat' dir='ltr'><strong>sibi</strong></span> <span class='ocrx_word' id='word_1_18' title='bbox 1050 663 1172 735; x_wconf 92' lang='lat' dir='ltr'><strong>propo·</strong></span> 
     </span>
     <span class='ocr_line' id='line_1_4' title="bbox 187 746 1172 836; baseline 0 -24"><span class='ocrx_word' id='word_1_19' title='bbox 187 765 267 812; x_wconf 90' lang='lat' dir='ltr'><strong>nera</strong></span> <span class='ocrx_word' id='word_1_20' title='bbox 282 746 381 813; x_wconf 88' lang='lat' dir='ltr'><strong>tinem</strong></span> <span class='ocrx_word' id='word_1_21' title='bbox 398 746 553 831; x_wconf 75' lang='lat' dir='ltr'><strong>dignitate</strong></span> <span class='ocrx_word' id='word_1_22' title='bbox 570 746 692 813; x_wconf 81' lang='lat' dir='ltr'><strong>infinite</strong></span> <span class='ocrx_word' id='word_1_23' title='bbox 708 746 925 833; x_wconf 85' lang='lat' dir='ltr'><strong>superiorem,</strong></span> <span class='ocrx_word' id='word_1_24' title='bbox 945 746 1067 812; x_wconf 89' lang='lat' dir='ltr'><strong>scilicet</strong></span> <span class='ocrx_word' id='word_1_25' title='bbox 1081 749 1172 836; x_wconf 89' lang='lat' dir='ltr'><strong>seip-</strong></span> 
     </span>
     <span class='ocr_line' id='line_1_5' title="bbox 190 851 1173 940; baseline 0.005 -23"><span class='ocrx_word' id='word_1_26' title='bbox 190 869 277 918; x_wconf 87' lang='lat' dir='ltr'><strong>sum.</strong></span> <span class='ocrx_word' id='word_1_27' title='bbox 295 852 379 935; x_wconf 83' lang='lat' dir='ltr'><strong>Quia</strong></span> <span class='ocrx_word' id='word_1_28' title='bbox 395 855 429 920; x_wconf 71' lang='lat'><strong>2·</strong></span> <span class='ocrx_word' id='word_1_29' title='bbox 448 851 522 918; x_wconf 86' lang='lat' dir='ltr'><strong>linis</strong></span> <span class='ocrx_word' id='word_1_30' title='bbox 539 865 587 919; x_wconf 90' lang='lat' dir='ltr'><strong>est</strong></span> <span class='ocrx_word' id='word_1_31' title='bbox 603 851 710 918; x_wconf 88' lang='lat' dir='ltr'><strong>medio</strong></span> <span class='ocrx_word' id='word_1_32' title='bbox 727 853 875 940; x_wconf 85' lang='lat' dir='ltr'><strong>superior</strong></span> <span class='ocrx_word' id='word_1_33' title='bbox 890 875 899 930; x_wconf 92' lang='grc'><strong>;</strong></span> <span class='ocrx_word' id='word_1_34' title='bbox 928 871 1018 936; x_wconf 76' lang='lat' dir='ltr'><strong>crgo,</strong></span> <span class='ocrx_word' id='word_1_35' title='bbox 1037 853 1066 918; x_wconf 86' lang='lat' dir='ltr'><strong>si</strong></span> <span class='ocrx_word' id='word_1_36' title='bbox 1081 853 1173 922; x_wconf 82' lang='lat' dir='ltr'><strong>Deus</strong></span> 
     </span>
     <span class='ocr_line' id='line_1_6' title="bbox 191 957 1173 1038; baseline -0.01 -2"><span class='ocrx_word' id='word_1_37' title='bbox 191 971 359 1038; x_wconf 89' lang='lat' dir='ltr'><strong>hominem</strong></span> <span class='ocrx_word' id='word_1_38' title='bbox 383 961 499 1028; x_wconf 83' lang='lat' dir='ltr'><strong>aluno</strong></span> <span class='ocrx_word' id='word_1_39' title='bbox 524 957 705 1024; x_wconf 82' lang='lat' dir='ltr'><strong>ordinasset</strong></span> <span class='ocrx_word' id='word_1_40' title='bbox 726 959 767 1022; x_wconf 89' lang='lat' dir='ltr'><strong>ad</strong></span> <span class='ocrx_word' id='word_1_41' title='bbox 789 969 983 1038; x_wconf 87' lang='lat' dir='ltr'><strong>creaturam,</strong></span> <span class='ocrx_word' id='word_1_42' title='bbox 1010 957 1173 1026; x_wconf 88' lang='lat' dir='ltr'><strong>actionem</strong></span> 
     </span>
     <span class='ocr_line' id='line_1_7' title="bbox 191 1062 1173 1150; baseline -0.014 -5"><span class='ocrx_word' id='word_1_43' title='bbox 191 1097 285 1145; x_wconf 88' lang='lat' dir='ltr'><strong>suam</strong></span> <span class='ocrx_word' id='word_1_44' title='bbox 302 1068 502 1143; x_wconf 72' lang='lat' dir='ltr'>creatricem,</span> <span class='ocrx_word' id='word_1_45' title='bbox 517 1084 553 1129; x_wconf 91' lang='lat' dir='ltr'><strong>ac</strong></span> <span class='ocrx_word' id='word_1_46' title='bbox 566 1063 702 1150; x_wconf 81' lang='lat' dir='ltr'><strong>proinde</strong></span> <span class='ocrx_word' id='word_1_47' title='bbox 712 1063 923 1150; x_wconf 87' lang='lat' dir='ltr'><strong>semetipsum</strong></span> <span class='ocrx_word' id='word_1_48' title='bbox 936 1062 977 1128; x_wconf 92' lang='lat' dir='ltr'><strong>ad</strong></span> <span class='ocrx_word' id='word_1_49' title='bbox 990 1072 1173 1130; x_wconf 87' lang='lat' dir='ltr'><strong>creaturam</strong></span> 
     </span>
     <span class='ocr_line' id='line_1_8' title="bbox 192 1165 1173 1259; baseline -0.013 -10"><span class='ocrx_word' id='word_1_50' title='bbox 192 1180 384 1252; x_wconf 69' lang='lat' dir='ltr'>ordinasset,</span> <span class='ocrx_word' id='word_1_51' title='bbox 405 1167 542 1259; x_wconf 79' lang='lat' dir='ltr'><strong>proinde</strong></span> <span class='ocrx_word' id='word_1_52' title='bbox 565 1165 787 1246; x_wconf 85' lang='lat' dir='ltr'><strong>submisisset;</strong></span> <span class='ocrx_word' id='word_1_53' title='bbox 814 1165 903 1254; x_wconf 91' lang='lat' dir='ltr'><strong>quod</strong></span> <span class='ocrx_word' id='word_1_54' title='bbox 927 1175 1085 1255; x_wconf 75' lang='lat' dir='ltr'><strong>repugnat</strong></span> <span class='ocrx_word' id='word_1_55' title='bbox 1099 1169 1173 1236; x_wconf 83' lang='lat' dir='ltr'><strong>infi-</strong></span> 
     </span>
     <span class='ocr_line' id='line_1_9' title="bbox 189 1275 515 1363; baseline -0.049 -7"><span class='ocrx_word' id='word_1_56' title='bbox 189 1288 269 1356; x_wconf 80' lang='lat' dir='ltr'><strong>nitae</strong></span> <span class='ocrx_word' id='word_1_57' title='bbox 283 1281 342 1350; x_wconf 87' lang='lat' dir='ltr'><strong>Dei</strong></span> <span class='ocrx_word' id='word_1_58' title='bbox 357 1275 515 1363; x_wconf 78' lang='lat' dir='ltr'><strong>dignitati.</strong></span> 
     </span>
    </p>

    <p class='ocr_par' dir='ltr' id='par_1_3' title="bbox 149 1377 1176 1998">
     <span class='ocr_line' id='line_1_10' title="bbox 241 1377 1176 1472; baseline -0.003 -19"><span class='ocrx_word' id='word_1_59' title='bbox 241 1393 280 1458; x_wconf 67' lang='lat'><strong>2⁰</strong></span> <span class='ocrx_word' id='word_1_60' title='bbox 306 1387 381 1455; x_wconf 84' lang='lat' dir='ltr'><strong>Sola</strong></span> <span class='ocrx_word' id='word_1_61' title='bbox 397 1379 559 1472; x_wconf 84' lang='lat' dir='ltr'><strong>possessio</strong></span> <span class='ocrx_word' id='word_1_62' title='bbox 579 1379 640 1446; x_wconf 90' lang='lat' dir='ltr'><strong>Dei</strong></span> <span class='ocrx_word' id='word_1_63' title='bbox 661 1386 767 1467; x_wconf 89' lang='lat' dir='ltr'><strong>potest</strong></span> <span class='ocrx_word' id='word_1_64' title='bbox 788 1377 956 1457; x_wconf 85' lang='lat' dir='ltr'><strong>hominem</strong></span> <span class='ocrx_word' id='word_1_65' title='bbox 972 1380 1065 1468; x_wconf 82' lang='lat' dir='ltr'><strong>plene</strong></span> <span class='ocrx_word' id='word_1_66' title='bbox 1080 1383 1176 1470; x_wconf 86' lang='lat' dir='ltr'><strong>perii·</strong></span> 
     </span>
     <span class='ocr_line' id='line_1_11' title="bbox 190 1485 1172 1575; baseline -0.011 -9"><span class='ocrx_word' id='word_1_67' title='bbox 190 1517 267 1568; x_wconf 85' lang='lat' dir='ltr'><strong>cere</strong></span> <span class='ocrx_word' id='word_1_68' title='bbox 283 1502 315 1562; x_wconf 89' lang='lat' dir='ltr'><strong>ct</strong></span> <span class='ocrx_word' id='word_1_69' title='bbox 327 1489 526 1559; x_wconf 78' lang='lat' dir='ltr'><strong>beatificare.</strong></span> <span class='ocrx_word' id='word_1_70' title='bbox 550 1487 624 1552; x_wconf 87' lang='lat' dir='ltr'><strong>llaec</strong></span> <span class='ocrx_word' id='word_1_71' title='bbox 640 1485 818 1573; x_wconf 84' lang='lat' dir='ltr'><strong>propositio</strong></span> <span class='ocrx_word' id='word_1_72' title='bbox 835 1487 993 1575; x_wconf 89' lang='lat' dir='ltr'><strong>supponit</strong></span> <span class='ocrx_word' id='word_1_73' title='bbox 1007 1486 1115 1554; x_wconf 89' lang='lat' dir='ltr'><strong>Deum</strong></span> <span class='ocrx_word' id='word_1_74' title='bbox 1131 1489 1172 1555; x_wconf 92' lang='lat' dir='ltr'><strong>ab</strong></span> 
     </span>
     <span class='ocr_line' id='line_1_12' title="bbox 191 1587 1171 1685; baseline -0.012 -14"><span class='ocrx_word' id='word_1_75' title='bbox 191 1602 325 1670; x_wconf 84' lang='lat' dir='ltr'><strong>homine</strong></span> <span class='ocrx_word' id='word_1_76' title='bbox 342 1615 437 1685; x_wconf 90' lang='lat' dir='ltr'><strong>possa</strong></span> <span class='ocrx_word' id='word_1_77' title='bbox 453 1589 687 1682; x_wconf 82' lang='lat' dir='ltr'><strong>possideri3—</strong></span> <span class='ocrx_word' id='word_1_78' title='bbox 706 1587 844 1678; x_wconf 80' lang='lat' dir='ltr'><strong>affirmat</strong></span> <span class='ocrx_word' id='word_1_79' title='bbox 861 1592 1096 1678; x_wconf 87' lang='lat' dir='ltr'><strong>possessionem</strong></span> <span class='ocrx_word' id='word_1_80' title='bbox 1111 1594 1171 1659; x_wconf 85' lang='lat' dir='ltr'><strong>Dei</strong></span> 
     </span>
     <span class='ocr_line' id='line_1_13' title="bbox 190 1695 1172 1798; baseline -0.01 -23"><span class='ocrx_word' id='word_1_81' title='bbox 190 1727 287 1798; x_wconf 90' lang='lat' dir='ltr'><strong>posse</strong></span> <span class='ocrx_word' id='word_1_82' title='bbox 310 1703 478 1768; x_wconf 87' lang='lat' dir='ltr'><strong>hominem</strong></span> <span class='ocrx_word' id='word_1_83' title='bbox 499 1695 656 1784; x_wconf 87' lang='lat' dir='ltr'><strong>perticere</strong></span> <span class='ocrx_word' id='word_1_84' title='bbox 672 1701 704 1760; x_wconf 87' lang='lat' dir='ltr'><strong>et</strong></span> <span class='ocrx_word' id='word_1_85' title='bbox 723 1695 1097 1776; x_wconf 78' lang='lat' dir='ltr'><strong>beatificare3—solam</strong></span> <span class='ocrx_word' id='word_1_86' title='bbox 1111 1698 1172 1766; x_wconf 88' lang='lat' dir='ltr'><strong>Dei</strong></span> 
     </span>
     <span class='ocr_line' id='line_1_14' title="bbox 149 1801 1171 1903; baseline -0.009 -23"><span class='ocrx_word' id='word_1_87' title='bbox 149 1811 155 1820; x_wconf 76' lang='grc'><strong>’</strong></span> <span class='ocrx_word' id='word_1_88' title='bbox 194 1809 434 1903; x_wconf 87' lang='lat' dir='ltr'><strong>possessionem</strong></span> <span class='ocrx_word' id='word_1_89' title='bbox 451 1822 546 1892; x_wconf 86' lang='lat' dir='ltr'><strong>posse</strong></span> <span class='ocrx_word' id='word_1_90' title='bbox 567 1801 722 1888; x_wconf 85' lang='lat' dir='ltr'><strong>perficere</strong></span> <span class='ocrx_word' id='word_1_91' title='bbox 739 1809 770 1867; x_wconf 90' lang='lat' dir='ltr'><strong>ct</strong></span> <span class='ocrx_word' id='word_1_92' title='bbox 790 1801 974 1870; x_wconf 83' lang='lat' dir='ltr'><strong>beatificare</strong></span> <span class='ocrx_word' id='word_1_93' title='bbox 989 1803 1171 1871; x_wconf 84' lang='lat' dir='ltr'><strong>hominem.</strong></span> 
     </span>
     <span class='ocr_line' id='line_1_15' title="bbox 192 1906 1037 1998; baseline -0.015 -12"><span class='ocrx_word' id='word_1_94' title='bbox 192 1919 279 1987; x_wconf 77' lang='lat' dir='ltr'><strong>Vera</strong></span> <span class='ocrx_word' id='word_1_95' title='bbox 294 1923 345 1979; x_wconf 87' lang='lat' dir='ltr'><strong>est</strong></span> <span class='ocrx_word' id='word_1_96' title='bbox 360 1908 510 1998; x_wconf 79' lang='lat' dir='ltr'><strong>proinde,</strong></span> <span class='ocrx_word' id='word_1_97' title='bbox 528 1907 555 1972; x_wconf 95' lang='lat' dir='ltr'><strong>si</strong></span> <span class='ocrx_word' id='word_1_98' title='bbox 571 1907 641 1972; x_wconf 84' lang='lat' dir='ltr'><strong>haec</strong></span> <span class='ocrx_word' id='word_1_99' title='bbox 657 1906 717 1970; x_wconf 93' lang='lat' dir='ltr'><strong>tria</strong></span> <span class='ocrx_word' id='word_1_100' title='bbox 732 1906 796 1970; x_wconf 89' lang='lat' dir='ltr'><strong>sint</strong></span> <span class='ocrx_word' id='word_1_101' title='bbox 811 1916 911 1973; x_wconf 90' lang='lat' dir='ltr'><strong>certa.</strong></span> <span class='ocrx_word' id='word_1_102' title='bbox 928 1907 1037 1996; x_wconf 83' lang='lat' dir='ltr'><strong>Atqui,</strong></span> 
     </span>
    </p>

    <p class='ocr_par' dir='ltr' id='par_1_4' title="bbox 198 2013 1178 2211">
     <span class='ocr_line' id='line_1_16' title="bbox 245 2013 1177 2102; baseline -0.004 -16"><span class='ocrx_word' id='word_1_103' title='bbox 245 2022 278 2087; x_wconf 89' lang='lat' dir='ltr'><strong>l.</strong></span> <span class='ocrx_word' id='word_1_104' title='bbox 297 2019 400 2084; x_wconf 89' lang='lat' dir='ltr'><strong>Homo</strong></span> <span class='ocrx_word' id='word_1_105' title='bbox 417 2020 523 2102; x_wconf 86' lang='lat' dir='ltr'><strong>potest</strong></span> <span class='ocrx_word' id='word_1_106' title='bbox 539 2014 643 2079; x_wconf 88' lang='lat' dir='ltr'><strong>Deum</strong></span> <span class='ocrx_word' id='word_1_107' title='bbox 657 2013 843 2100; x_wconf 89' lang='lat' dir='ltr'><strong>possidere:</strong></span> <span class='ocrx_word' id='word_1_108' title='bbox 869 2013 1055 2081; x_wconf 76' lang='lat' dir='ltr'><strong>Intellectus</strong></span> <span class='ocrx_word' id='word_1_109' title='bbox 1072 2015 1177 2102; x_wconf 90' lang='lat' dir='ltr'><strong>possi·</strong></span> 
     </span>
     <span class='ocr_line' id='line_1_17' title="bbox 198 2119 1178 2211; baseline -0.007 -16"><span class='ocrx_word' id='word_1_110' title='bbox 198 2129 253 2195; x_wconf 90' lang='lat' dir='ltr'><strong>det</strong></span> <span class='ocrx_word' id='word_1_111' title='bbox 268 2123 434 2211; x_wconf 85' lang='lat' dir='ltr'><strong>objectum</strong></span> <span class='ocrx_word' id='word_1_112' title='bbox 451 2141 547 2187; x_wconf 89' lang='lat' dir='ltr'><strong>suurn</strong></span> <span class='ocrx_word' id='word_1_113' title='bbox 573 2139 630 2206; x_wconf 90' lang='lat' dir='ltr'><strong>per</strong></span> <span class='ocrx_word' id='word_1_114' title='bbox 652 2119 881 2202; x_wconf 77' lang='lat' dir='ltr'><strong>cognitionem,</strong></span> <span class='ocrx_word' id='word_1_115' title='bbox 908 2132 939 2187; x_wconf 91' lang='lat' dir='ltr'><strong>et</strong></span> <span class='ocrx_word' id='word_1_116' title='bbox 955 2121 1104 2188; x_wconf 89' lang='lat' dir='ltr'><strong>voluntas</strong></span> <span class='ocrx_word' id='word_1_117' title='bbox 1118 2143 1178 2208; x_wconf 92' lang='lat' dir='ltr'><strong>per</strong></span> 
     </span>
    </p>
   </div>
   <div class='ocr_carea' id='block_1_3' title="bbox 199 2225 1298 2316">
    <p class='ocr_par' dir='ltr' id='par_1_5' title="bbox 199 2225 1298 2316">
     <span class='ocr_line' id='line_1_18' title="bbox 199 2225 1298 2316; baseline -0.008 -16"><span class='ocrx_word' id='word_1_118' title='bbox 199 2249 362 2308; x_wconf 62' lang='lat' dir='ltr'><strong>amorenn</strong></span> <span class='ocrx_word' id='word_1_119' title='bbox 376 2247 473 2316; x_wconf 92' lang='lat' dir='ltr'><strong>porro</strong></span> <span class='ocrx_word' id='word_1_120' title='bbox 491 2225 671 2294; x_wconf 88' lang='lat' dir='ltr'><strong>intellectus</strong></span> <span class='ocrx_word' id='word_1_121' title='bbox 684 2225 846 2292; x_wconf 88' lang='lat' dir='ltr'><strong>humanus</strong></span> <span class='ocrx_word' id='word_1_122' title='bbox 859 2235 963 2313; x_wconf 93' lang='lat' dir='ltr'><strong>potest</strong></span> <span class='ocrx_word' id='word_1_123' title='bbox 979 2246 1177 2312; x_wconf 82' lang='lat' dir='ltr'><strong>cognoscere</strong></span> <span class='ocrx_word' id='word_1_124' title='bbox 1255 2265 1257 2272; x_wconf 58' lang='lat'>&lt;</span> <span class='ocrx_word' id='word_1_125' title='bbox 1297 2235 1298 2244; x_wconf 67' lang='lat'>‘</span> 
     </span>
    </p>
   </div>
   <div class='ocr_carea' id='block_1_4' title="bbox 116 2332 1178 3164">
    <p class='ocr_par' dir='ltr' id='par_1_6' title="bbox 193 2332 1176 2510">
     <span class='ocr_line' id='line_1_19' title="bbox 193 2332 1176 2418; baseline -0.005 -13"><span class='ocrx_word' id='word_1_126' title='bbox 193 2341 316 2415; x_wconf 81' lang='lat' dir='ltr'><strong>Deum,</strong></span> <span class='ocrx_word' id='word_1_127' title='bbox 336 2342 368 2401; x_wconf 91' lang='lat' dir='ltr'><strong>et</strong></span> <span class='ocrx_word' id='word_1_128' title='bbox 381 2333 529 2400; x_wconf 86' lang='lat' dir='ltr'><strong>voluntas</strong></span> <span class='ocrx_word' id='word_1_129' title='bbox 545 2332 687 2397; x_wconf 87' lang='lat' dir='ltr'><strong>humana</strong></span> <span class='ocrx_word' id='word_1_130' title='bbox 703 2338 810 2418; x_wconf 90' lang='lat' dir='ltr'><strong>potest</strong></span> <span class='ocrx_word' id='word_1_131' title='bbox 826 2352 935 2399; x_wconf 89' lang='lat' dir='ltr'><strong>amare</strong></span> <span class='ocrx_word' id='word_1_132' title='bbox 951 2333 1080 2399; x_wconf 88' lang='lat' dir='ltr'><strong>Deum:</strong></span> <span class='ocrx_word' id='word_1_133' title='bbox 1104 2332 1176 2400; x_wconf 87' lang='lat' dir='ltr'><strong>haec</strong></span> 
     </span>
     <span class='ocr_line' id='line_1_20' title="bbox 196 2441 460 2510; baseline -0.023 0"><span class='ocrx_word' id='word_1_134' title='bbox 196 2441 286 2510; x_wconf 75' lang='lat' dir='ltr'><strong>‘facto</strong></span> <span class='ocrx_word' id='word_1_135' title='bbox 300 2451 460 2510; x_wconf 83' lang='lat' dir='ltr'><strong>constant.</strong></span> 
     </span>
    </p>

    <p class='ocr_par' dir='ltr' id='par_1_7' title="bbox 116 2544 1178 3164">
     <span class='ocr_line' id='line_1_21' title="bbox 166 2544 1178 2634; baseline -0.005 -17"><span class='ocrx_word' id='word_1_136' title='bbox 166 2554 170 2560; x_wconf 78' lang='grc'><strong><em>’</em></strong></span> <span class='ocrx_word' id='word_1_137' title='bbox 242 2549 276 2616; x_wconf 76' lang='lat'><strong>2.</strong></span> <span class='ocrx_word' id='word_1_138' title='bbox 296 2546 460 2616; x_wconf 88' lang='lat' dir='ltr'><strong>Possessio</strong></span> <span class='ocrx_word' id='word_1_139' title='bbox 477 2545 536 2610; x_wconf 88' lang='lat' dir='ltr'><strong>Dei</strong></span> <span class='ocrx_word' id='word_1_140' title='bbox 553 2549 657 2632; x_wconf 90' lang='lat' dir='ltr'><strong>potest</strong></span> <span class='ocrx_word' id='word_1_141' title='bbox 672 2544 840 2618; x_wconf 85' lang='lat' dir='ltr'><strong>hominem</strong></span> <span class='ocrx_word' id='word_1_142' title='bbox 854 2546 1010 2634; x_wconf 86' lang='lat' dir='ltr'><strong>perficere</strong></span> <span class='ocrx_word' id='word_1_143' title='bbox 1027 2559 1058 2613; x_wconf 88' lang='lat' dir='ltr'><strong>et</strong></span> <span class='ocrx_word' id='word_1_144' title='bbox 1074 2545 1178 2612; x_wconf 88' lang='lat' dir='ltr'><strong>beati·</strong></span> 
     </span>
     <span class='ocr_line' id='line_1_22' title="bbox 199 2651 1177 2740; baseline -0.004 -15"><span class='ocrx_word' id='word_1_145' title='bbox 199 2657 310 2725; x_wconf 85' lang='lat' dir='ltr'><strong>ficare.</strong></span> <span class='ocrx_word' id='word_1_146' title='bbox 321 2693 365 2704; x_wconf 97' lang='lat'>—</span> <span class='ocrx_word' id='word_1_147' title='bbox 377 2654 485 2721; x_wconf 88' lang='lat' dir='ltr'><strong>Potest</strong></span> <span class='ocrx_word' id='word_1_148' title='bbox 498 2651 670 2739; x_wconf 86' lang='lat' dir='ltr'><strong>perticere:</strong></span> <span class='ocrx_word' id='word_1_149' title='bbox 685 2651 896 2740; x_wconf 88' lang='lat' dir='ltr'><strong>perficiuntur</strong></span> <span class='ocrx_word' id='word_1_150' title='bbox 907 2654 993 2720; x_wconf 89' lang='lat' dir='ltr'><strong>enim</strong></span> <span class='ocrx_word' id='word_1_151' title='bbox 1010 2651 1177 2721; x_wconf 80' lang='lat' dir='ltr'><strong>facultates</strong></span> 
     </span>
     <span class='ocr_line' id='line_1_23' title="bbox 197 2758 1175 2852; baseline -0.005 -21"><span class='ocrx_word' id='word_1_152' title='bbox 197 2783 259 2852; x_wconf 92' lang='lat' dir='ltr'><strong>per</strong></span> <span class='ocrx_word' id='word_1_153' title='bbox 273 2761 513 2851; x_wconf 87' lang='lat' dir='ltr'><strong>possessionem</strong></span> <span class='ocrx_word' id='word_1_154' title='bbox 531 2758 647 2844; x_wconf 88' lang='lat' dir='ltr'><strong>objecti</strong></span> <span class='ocrx_word' id='word_1_155' title='bbox 659 2779 771 2826; x_wconf 87' lang='lat' dir='ltr'><strong>earum</strong></span> <span class='ocrx_word' id='word_1_156' title='bbox 784 2761 908 2826; x_wconf 83' lang='lat' dir='ltr'><strong>naturae</strong></span> <span class='ocrx_word' id='word_1_157' title='bbox 925 2759 1175 2827; x_wconf 88' lang='lat' dir='ltr'><strong>accommodati.</strong></span> 
     </span>
     <span class='ocr_line' id='line_1_24' title="bbox 116 2865 1175 2954; baseline -0.004 -18"><span class='ocrx_word' id='word_1_158' title='bbox 116 2905 119 2912; x_wconf 92' lang='lat'>·</span> <span class='ocrx_word' id='word_1_159' title='bbox 195 2871 279 2953; x_wconf 76' lang='lat' dir='ltr'><strong>Ergo</strong></span> <span class='ocrx_word' id='word_1_160' title='bbox 301 2867 482 2935; x_wconf 88' lang='lat' dir='ltr'><strong>intellectus</strong></span> <span class='ocrx_word' id='word_1_161' title='bbox 503 2865 669 2954; x_wconf 86' lang='lat' dir='ltr'><strong>perficitur</strong></span> <span class='ocrx_word' id='word_1_162' title='bbox 690 2886 749 2953; x_wconf 91' lang='lat' dir='ltr'><strong>per</strong></span> <span class='ocrx_word' id='word_1_163' title='bbox 773 2865 990 2950; x_wconf 81' lang='lat' dir='ltr'><strong>cognitionem</strong></span> <span class='ocrx_word' id='word_1_164' title='bbox 1012 2865 1175 2945; x_wconf 83' lang='lat' dir='ltr'><strong>veritatis3</strong></span> 
     </span>
     <span class='ocr_line' id='line_1_25' title="bbox 197 2969 1178 3062; baseline 0.001 -24"><span class='ocrx_word' id='word_1_165' title='bbox 197 2973 335 3062; x_wconf 83' lang='lat' dir='ltr'><strong>proinde</strong></span> <span class='ocrx_word' id='word_1_166' title='bbox 347 2990 517 3038; x_wconf 87' lang='lat' dir='ltr'><strong>summurn</strong></span> <span class='ocrx_word' id='word_1_167' title='bbox 532 2971 738 3058; x_wconf 81' lang='lat' dir='ltr'><strong>perfectionis</strong></span> <span class='ocrx_word' id='word_1_168' title='bbox 754 2972 892 3055; x_wconf 78' lang='lat' dir='ltr'><strong>gradum</strong></span> <span class='ocrx_word' id='word_1_169' title='bbox 908 2969 972 3038; x_wconf 85' lang='lat' dir='ltr'><strong>sibi</strong></span> <span class='ocrx_word' id='word_1_170' title='bbox 987 2970 1178 3061; x_wconf 86' lang='lat' dir='ltr'><strong>possibilem</strong></span> 
     </span>
     <span class='ocr_line' id='line_1_26' title="bbox 203 3076 1178 3164; baseline -0.001 -19"><span class='ocrx_word' id='word_1_171' title='bbox 203 3076 372 3162; x_wconf 86' lang='lat' dir='ltr'><strong>acquirere</strong></span> <span class='ocrx_word' id='word_1_172' title='bbox 396 3086 501 3162; x_wconf 88' lang='lat' dir='ltr'><strong>potest</strong></span> <span class='ocrx_word' id='word_1_173' title='bbox 526 3096 584 3162; x_wconf 91' lang='lat' dir='ltr'><strong>per</strong></span> <span class='ocrx_word' id='word_1_174' title='bbox 605 3076 821 3160; x_wconf 82' lang='lat' dir='ltr'><strong>cognitionem</strong></span> <span class='ocrx_word' id='word_1_175' title='bbox 837 3078 896 3146; x_wconf 87' lang='lat' dir='ltr'><strong>Dei</strong></span> <span class='ocrx_word' id='word_1_176' title='bbox 914 3079 970 3164; x_wconf 87' lang='lat' dir='ltr'><strong>qui</strong></span> <span class='ocrx_word' id='word_1_177' title='bbox 986 3084 1035 3144; x_wconf 88' lang='lat' dir='ltr'><strong>est</strong></span> <span class='ocrx_word' id='word_1_178' title='bbox 1049 3089 1178 3144; x_wconf 84' lang='lat' dir='ltr'><strong>summa</strong></span> 
     </span>
    </p>
   </div>
   <div class='ocr_carea' id='block_1_5' title="bbox 197 3179 1182 3800">
    <p class='ocr_par' dir='ltr' id='par_1_8' title="bbox 197 3179 1182 3800">
     <span class='ocr_line' id='line_1_27' title="bbox 197 3179 1178 3276; baseline 0.001 -27"><span class='ocrx_word' id='word_1_179' title='bbox 197 3183 333 3256; x_wconf 86' lang='lat' dir='ltr'><strong>Veritas.</strong></span> <span class='ocrx_word' id='word_1_180' title='bbox 345 3181 425 3248; x_wconf 90' lang='lat' dir='ltr'><strong>ltem</strong></span> <span class='ocrx_word' id='word_1_181' title='bbox 433 3179 600 3269; x_wconf 86' lang='lat' dir='ltr'><strong>perficitur</strong></span> <span class='ocrx_word' id='word_1_182' title='bbox 612 3181 758 3250; x_wconf 84' lang='lat' dir='ltr'><strong>voluntas</strong></span> <span class='ocrx_word' id='word_1_183' title='bbox 772 3205 829 3272; x_wconf 86' lang='lat' dir='ltr'><strong>per</strong></span> <span class='ocrx_word' id='word_1_184' title='bbox 841 3205 987 3276; x_wconf 88' lang='lat' dir='ltr'><strong>amorem</strong></span> <span class='ocrx_word' id='word_1_185' title='bbox 999 3182 1090 3262; x_wconf 89' lang='lat' dir='ltr'><strong>boni,</strong></span> <span class='ocrx_word' id='word_1_186' title='bbox 1102 3203 1178 3270; x_wconf 89' lang='lat' dir='ltr'><strong>pro·</strong></span> 
     </span>
     <span class='ocr_line' id='line_1_28' title="bbox 200 3284 1179 3379; baseline 0.003 -27"><span class='ocrx_word' id='word_1_187' title='bbox 200 3287 277 3355; x_wconf 78' lang='lat' dir='ltr'><strong>inde</strong></span> <span class='ocrx_word' id='word_1_188' title='bbox 300 3285 451 3353; x_wconf 87' lang='lat' dir='ltr'><strong>ultimum</strong></span> <span class='ocrx_word' id='word_1_189' title='bbox 468 3284 673 3374; x_wconf 76' lang='lat' dir='ltr'><strong>perfectionis</strong></span> <span class='ocrx_word' id='word_1_190' title='bbox 688 3291 825 3374; x_wconf 83' lang='lat' dir='ltr'><strong>gradum</strong></span> <span class='ocrx_word' id='word_1_191' title='bbox 842 3291 903 3357; x_wconf 90' lang='lat' dir='ltr'><strong>sibi</strong></span> <span class='ocrx_word' id='word_1_192' title='bbox 920 3289 1108 3379; x_wconf 86' lang='lat' dir='ltr'><strong>possibilem</strong></span> <span class='ocrx_word' id='word_1_193' title='bbox 1130 3299 1179 3356; x_wconf 90' lang='lat' dir='ltr'><strong>at·</strong></span> 
     </span>
     <span class='ocr_line' id='line_1_29' title="bbox 199 3397 1180 3485; baseline 0.003 -23"><span class='ocrx_word' id='word_1_194' title='bbox 199 3397 324 3482; x_wconf 80' lang='lat' dir='ltr'><strong>tingere</strong></span> <span class='ocrx_word' id='word_1_195' title='bbox 340 3408 444 3484; x_wconf 81' lang='lat' dir='ltr'><strong>potest</strong></span> <span class='ocrx_word' id='word_1_196' title='bbox 469 3417 528 3485; x_wconf 92' lang='lat' dir='ltr'><strong>per</strong></span> <span class='ocrx_word' id='word_1_197' title='bbox 543 3419 688 3465; x_wconf 85' lang='lat' dir='ltr'><strong>amorem</strong></span> <span class='ocrx_word' id='word_1_198' title='bbox 703 3400 776 3481; x_wconf 85' lang='lat' dir='ltr'><strong>Dei,</strong></span> <span class='ocrx_word' id='word_1_199' title='bbox 801 3422 860 3468; x_wconf 90' lang='lat' dir='ltr'><strong>seu</strong></span> <span class='ocrx_word' id='word_1_200' title='bbox 883 3400 1002 3468; x_wconf 89' lang='lat' dir='ltr'><strong>summi</strong></span> <span class='ocrx_word' id='word_1_201' title='bbox 1025 3397 1180 3466; x_wconf 83' lang='lat' dir='ltr'><strong>Boni.—</strong></span> 
     </span>
     <span class='ocr_line' id='line_1_30' title="bbox 198 3500 1179 3595; baseline 0.007 -29"><span class='ocrx_word' id='word_1_202' title='bbox 198 3500 306 3568; x_wconf 89' lang='lat' dir='ltr'><strong>Pctest</strong></span> <span class='ocrx_word' id='word_1_203' title='bbox 317 3501 520 3570; x_wconf 85' lang='lat' dir='ltr'><strong>beatificare:</strong></span> <span class='ocrx_word' id='word_1_204' title='bbox 539 3503 639 3570; x_wconf 90' lang='lat' dir='ltr'><strong>homo</strong></span> <span class='ocrx_word' id='word_1_205' title='bbox 656 3505 742 3572; x_wconf 86' lang='lat' dir='ltr'><strong>eninr</strong></span> <span class='ocrx_word' id='word_1_206' title='bbox 759 3505 961 3574; x_wconf 86' lang='lat' dir='ltr'><strong>beatificatur</strong></span> <span class='ocrx_word' id='word_1_207' title='bbox 976 3527 1035 3594; x_wconf 87' lang='lat' dir='ltr'><strong>per</strong></span> <span class='ocrx_word' id='word_1_208' title='bbox 1051 3525 1179 3595; x_wconf 88' lang='lat' dir='ltr'><strong>posses·</strong></span> 
     </span>
     <span class='ocr_line' id='line_1_31' title="bbox 199 3603 1178 3702; baseline 0.012 -33"><span class='ocrx_word' id='word_1_209' title='bbox 199 3603 324 3672; x_wconf 89' lang='lat' dir='ltr'><strong>sionem</strong></span> <span class='ocrx_word' id='word_1_210' title='bbox 340 3607 417 3674; x_wconf 91' lang='lat' dir='ltr'><strong>boni</strong></span> <span class='ocrx_word' id='word_1_211' title='bbox 433 3609 575 3698; x_wconf 81' lang='lat' dir='ltr'><strong>perfecte</strong></span> <span class='ocrx_word' id='word_1_212' title='bbox 591 3611 734 3680; x_wconf 89' lang='lat' dir='ltr'><strong>satiantis</strong></span> <span class='ocrx_word' id='word_1_213' title='bbox 752 3613 929 3702; x_wconf 90' lang='lat' dir='ltr'><strong>appetitum</strong></span> <span class='ocrx_word' id='word_1_214' title='bbox 947 3612 1020 3700; x_wconf 86' lang='lat' dir='ltr'><strong>ejus</strong></span> <span class='ocrx_word' id='word_1_215' title='bbox 1041 3611 1178 3698; x_wconf 74' lang='lat' dir='ltr'><strong>faculta-</strong></span> 
     </span>
     <span class='ocr_line' id='line_1_32' title="bbox 199 3714 1182 3800; baseline 0.008 -26"><span class='ocrx_word' id='word_1_216' title='bbox 199 3719 294 3787; x_wconf 87' lang='lat' dir='ltr'><strong>tum;</strong></span> <span class='ocrx_word' id='word_1_217' title='bbox 323 3729 420 3798; x_wconf 92' lang='lat' dir='ltr'><strong>porro</strong></span> <span class='ocrx_word' id='word_1_218' title='bbox 446 3731 503 3799; x_wconf 92' lang='lat' dir='ltr'><strong>per</strong></span> <span class='ocrx_word' id='word_1_219' title='bbox 519 3714 738 3800; x_wconf 75' lang='lat' dir='ltr'><strong>cognitionem</strong></span> <span class='ocrx_word' id='word_1_220' title='bbox 763 3716 836 3799; x_wconf 87' lang='lat' dir='ltr'><strong>Dei,</strong></span> <span class='ocrx_word' id='word_1_221' title='bbox 861 3736 997 3786; x_wconf 73' lang='lat' dir='ltr'><strong>summae</strong></span> <span class='ocrx_word' id='word_1_222' title='bbox 1013 3716 1182 3797; x_wconf 64' lang='lat' dir='ltr'><strong>Veritatis·</strong></span> 
     </span>
    </p>
   </div>
   <div class='ocr_carea' id='block_1_6' title="bbox 0 0 1319 4154">
    <p class='ocr_par' dir='ltr' id='par_1_9' title="bbox 0 0 1319 4154">
     <span class='ocr_line' id='line_1_33' title="bbox 0 0 1319 4154; baseline 0 0"><span class='ocrx_word' id='word_1_223' title='bbox 0 0 1319 4154; x_wconf 95' lang='lat' dir='ltr'><strong> </strong></span> 
     </span>
    </p>
   </div>
  </div>
 </body>
</html>
