2710 4116
555 205 598 218 ..
621 168 686 238 209
710 205 754 218 ..
875 261 877 265 Ι

161 303 274 372 lantes
291 303 435 394 praedicti
462 303 504 388 ad
527 315 648 370 statum
673 302 952 392 supernaturalem
977 312 1148 393 nunquam

160 412 283 498 elevati
298 418 397 492 sunta
411 429 489 497 ergo
503 415 671 497 nunquam
692 411 823 482 luerunt
839 411 969 478 visionis
990 412 1145 498 intui-tium

158 539 299 606 capuces
310 541 319 598 ;
339 537 417 602 ergo
438 519 479 588 de
501 518 570 605 ejus
590 517 769 604 priuatione
785 518 899 585 dolere
914 539 978 584 non
995 527 1143 607 possunt.

157 627 268 692 llorno
285 627 372 692 enim
390 639 485 692 rectae
496 625 633 714 rationis
650 625 762 695 dolere
775 645 839 692 non
864 633 968 713 potest
984 628 1025 693 de
1040 627 1145 714 priva.-

156 733 253 800 lione
267 730 493 818 alicujusboni
510 731 551 800 ad
567 733 658 819 quod
675 732 797 798 nullam
811 734 1019 820 capacitatem
1032 733 1142 812 habea

154 821 191 906 vj
204 859 240 923 g.
258 837 367 904 nullus
382 837 512 924 sapiens
523 837 610 918 dplet
623 838 764 923 eoquod
780 859 844 906 non
862 839 964 926 possit
978 839 1087 907 volare
1104 837 1144 902 si-

156 957 215 1013 cut
231 944 320 1009 aris:
340 963 436 1030 porro
454 943 598 1030 praedicti
616 943 752 1010 infantes
769 949 854 1012 reete
871 945 997 1014 ratione
1019 945 1143 1012 donan-

154 1062 223 1116 tur.
247 1047 284 1113 5⁰
302 1048 783 1136 Contranostranropinionem,
794 1049 945 1136 inquiunt
957 1049 1056 1139 nujus
1068 1071 1143 1118 sen·

155 1156 271 1226 tentiae
283 1167 469 1234 sectatores
478 1153 557 1220 nihil
571 1155 718 1240 sequitur
732 1175 769 1222 ex
781 1153 880 1221 Cone.
895 1152 1078 1223 Florentino
1092 1179 1144 1224 su·

154 1266 214 1351 prb
228 1261 326 1328 citato
338 1283 347 1340 ;
361 1261 521 1346 siquidem
535 1260 710 1328 boeeucrba
723 1283 733 1326 ε
741 1262 845 1346 porris
857 1261 1057 1344 disparibus,
1070 1283 1144 1348 pos·

154 1382 234 1434 sunt
252 1368 386 1452 intelligi
403 1369 444 1433 de
457 1368 634 1454 privatione
647 1367 778 1434 visionis
794 1358 961 1445 intuitivae¹
976 1366 1144 1436 beatitudi-

155 1474 277 1562 nisque
290 1473 457 1552 naturalis‚
466 1471 556 1559 juxta
571 1473 694 1558 multas
705 1473 886 1557 theologos.

201 1582 282 1648 Haec
291 1581 434 1656 coenredo
448 1579 557 1667 opinio
568 1579 696 1654 videt-ur
706 1577 818 1648 saltem
830 1579 870 1645 ab
884 1578 1057 1646 intrinseco
1068 1596 1142 1666 pro-

156 1687 314 1756 habilior.

196 1797 251 1862 De
267 1793 303 1860 2³
316 1794 548 1875 controversie
567 1795 708 1862 scilicet:
732 1795 844 1864 Utrum
865 1795 1008 1879 irascentes
1022 1795 1141 1872 inlecto

153 1911 289 1985 peccato
319 1902 476 1986 cripinoli
497 1903 681 1984 decedentes
701 1922 830 1987 peream
863 1902 976 1968 scescle
1000 1899 1143 1970 subituri
1227 1911 1231 1914 ’

156 2009 303 2074 aiat?-·
255 2007 430 2094 -duplex
447 2007 606 2095 opinio.-

199 2115 319 2178 Primo
327 2109 472 2178 affirmat
487 2113 547 2184 hus
563 2112 702 2180 infantes
727 2069 910 2200 puniendos
927 2132 998 2179 csse
1025 2111 1141 2178 iisdem

160 2217 274 2300 poenis,
302 2217 448 2304 quamvis
474 2217 669 2304 disparibus,
697 2217 819 2304 quibus
842 2218 1022 2304 puniuntur
1045 2216 1067 2281 ii
1082 2217 1141 2303 qui

164 2336 286 2403 peecata
303 2323 439 2389 actualia
456 2324 703 2394 commiserunt.
730 2325 913 2390 Peccatum¹
932 2321 1019 2389 enim
1043 2322 1142 2406 origi·
1218 2399 1221 2402 ¹

166 2426 234 2492 nale
248 2439 295 2495 est
308 2441 475 2518 peccatum
488 2428 619 2515 proprie
634 2429 774 2507 dictum,
791 2429 922 2494 easdem
946 2425 1085 2512 proinde
1101 2447 1140 2492 aa

161 2546 284 2616 peccate
297 2535 433 2602 actualia
451 2545 595 2600 meretur
611 2552 722 2619 paenas
738 2531 793 2622 (ll.

200 2636 360 2720 Secundc‚
375 2638 621 2707 communierat
638 2634 850 2724 probabilior,
869 2641 977 2722 negat,
996 2635 1046 2706 bis
1063 2657 1142 2724 pro·,
1233 2683 1235 2687 -

157 2739 343 2814 bationibus
367 2747 463 2812 nina:
492 2745 528 2810 l⁰
551 2741 699 2810 Ratione.
719 2741 752 2808 l.
775 2742 876 2808 Nemo
894 2742 1028 2830 punitur
1044 2751 1141 2830 paena

156 2853 290 2935 positiva
306 2873 344 2920 ae
360 2851 506 2920 sensibili
522 2857 653 2940 propter
664 2849 864 2918 habitualem
880 2849 1079 2938 'pronitatem
1097 2853 1138 2933 ad

155 2955 280 3039 titium,
295 2959 351 3026 set
369 2963 493 3049 tantum
509 2973 642 3048 propter
662 2958 792 3047 eulpam
809 2956 970 3026 actualem
986 2959 1139 3025 commis·
1225 2967 1227 2972 ’

155 3078 224 3134 sam
240 3065 508 3152 pervoluntatem
524 3063 746 3154 personalem
765 3084 843 3150 erga
868 3063 990 3134 nubam
1008 3087 1139 3154 paenam

156 3168 323 3251 positivam
336 3183 479 3239 meretur
499 3183 669 3259 peecatum
685 3170 842 3254 originale
863 3192 922 3258 per
937 3170 1137 3240 uoluntatem

192 3427 278 3492 illiti
293 3431 400 3498 Gregor
417 3432 498 3484 irim
502 3431 652 3499 ‚imerius
667 3430 753 3498 liaris,
769 3429 907 3496 Sylsiusin
924 3429 1025 3481 pampas
1028 3443 1076 3496 ‚.q
1092 3431 1134 3558 85,

159 3512 208 3558 art
221 3510 237 3560 8
237 3524 338 3576 parer.
355 3513 390 3563 8·
384 3519 456 3580 ,.etc
