2710 4116
607 211 811 320 -Ξιιι-

261 303 518 424 controvertitur
550 363 658 418 autom
690 349 823 430 utrium,
853 361 970 438 praeter
997 350 1201 420 sanctitatem

214 461 485 530 communicatam
504 479 562 548 per
584 457 739 524 unionem
764 456 1022 550 hypostaticam,
1048 447 1202 542 habuerit

214 567 350 660 gratiam
365 563 576 632 habitualem.

260 673 358 742 Pauci
375 683 507 757 negant.
526 670 677 758 Plerique
705 665 866 742 affirmant
882 667 1024 736 animam
1043 669 1160 745 Christi
1183 679 1202 744 ι

215 781 321 873 primo
342 777 560 868 conceptionis
579 777 708 842 instanti
728 777 883 843 hahuisse
899 777 1035 894 gratiam
1051 770 1203 845 habitua-

216 884 307 951 lem
299 905 331 948 ιιι
341 883 444 968 gradu
462 880 709 970 perfectissimo,
723 879 913 966 adduntque
925 879 1113 991 opinionem
1125 901 1202 990 con·

214 987 348 1080 tretium
365 1008 436 1056 esse
454 987 671 1054 temerariam.

261 1094 459 1174 Sententiam
477 1091 691 1166 affirmantem
716 1087 973 1212 amplectimur,
971 1101 1002 1156 et
1021 1088 1062 1156 sic
1067 1033 1192 1182 proba·

97 1215 100 1220 “
217 1213 290 1274 mus
306 1213 402 1288 atque
415 1197 655 1287 explicamus
681 1204 684 1209 '
714 1207 717 1212 '

263 1306 503 1376 Probation-
530 1304 621 1390 lup.
648 1301 759 1369 Anima
789 1299 906 1367 Christi
934 1299 1202 1390 babuitgratiam

216 1412 434 1480 habitualem:
446 1413 525 1480 Nam
541 1411 575 1476 ιο
593 1409 693 1496 gratia
710 1404 885 1474 habitualis
901 1419 969 1473 erat
991 1405 1156 1496 possibilis
1170 1407 1203 1474 in

215 1520 323 1590 anima
333 1519 462 1598 Christi,
475 1539 545 1585 cam
557 1529 682 1606 poterat
696 1515 864 1607 perficere,
876 1534 936 1580 nec
946 1513 1095 1580 obstabat
1108 1511 1203 1579 iunc-

217 1623 361 1693 tionibus
380 1622 594 1712 reparatoris
619 1623 681 1690 hoc
706 1622 838 1688 eradens
853 1633 913 1687 est
932 1617 1081 1690 baon.
1101 1621 1136 1700 ιι,
1150 1621 1200 1712 5.

218 1732 463 1832 Quinctioritas
485 1731 547 1796 Dei
562 1732 685 1820 diffuso
703 1739 748 1794 cst
771 1731 804 1796 ia
825 1727 977 1797 cordibae
998 1728 1122 1796 nostris
1138 1729 1203 1812 per

215 1825 373 1933 Spiritum
388 1837 542 1902 Sanctum
559 1856 613 1920 qur
608 1825 736 1900 datus
746 1845 792 1900 eet
806 1835 912 1900 nohis.
935 1835 1035 1900 Deus·
1039 1833 1197 1900 diffundit

217 1939 436 2008 charitatem
428 1958 459 2002 m
472 1935 583 2024 justis,
603 1957 679 2022 ergo
697 1941 714 2003 a
735 1933 890 2004 lortiori
880 1960 913 2004 ιιι
936 1939 1043 2003 anima
1066 1933 1200 2019 Christi,

214 2045 267 2113 cui
284 2061 350 2110 nort
362 2043 606 2110 admensuratae
622 2044 679 2108 dot
692 2045 779 2110 Dour
791 2043 949 2130 Spiritum
961 2044 1068 2127 (ioan
1080 2040 1101 2107 5
1106 2043 1196 2124 ,aa

215 2149 324 2236 &go
316 2171 375 2238 apsi
366 2147 545 2217 concessit
559 2149 695 2234 gratiam
713 2149 1082 2248 sanctificantem3ci1m
1099 2148 1193 2234 gratia

216 2255 418 2324 sanctificans
438 2255 518 2321 nihil
536 2256 624 2324 aliud
654 2256 694 2322 'sit
716 2260 814 2344 qu'am
840 2235 979 2325 alacritas
1006 2253 1199 2332 habitualis,

136 2399 140 2408 ·
209 2357 300 2452 juxta
318 2363 477 2450 quosdam
495 2360 675 2448 theologos,
695 2371 726 2428 et
742 2363 782 2429 sit
800 2360 1067 2428 indissolubiliter
1093 2361 1202 2428 chari·

204 2469 271 2546 tati
287 2469 444 2542 habituali
457 2468 659 2572 unitajuxta
677 2469 770 2536 alios.
787 2467 820 2540 S,
832 2469 927 2538 ιιιιιιι.
946 2469 978 2549 t,
984 2470 1047 2556 14,
1060 2467 1204 2540 stamar

212 2576 376 2644 Christum
390 2577 490 2648 luisse
504 2578 636 2662 plenum
651 2578 767 2662 pratia
780 2577 978 2654 alacritatis.
995 2575 1032 2642 5⁰
1049 2576 1202 2663 Proposi-

214 2683 336 2772 tionem
353 2697 495 2752 nostram
506 2683 654 2772 plerique
667 2685 776 2752 Patres
788 2673 974 2754 admittunt.
987 2683 1025 2749 dt
1037 2684 1080 2756 lla
1097 2682 1200 2754 Cane.

124 2838 127 2846 ,
213 2789 304 2862 Trio.
322 2811 404 2858 sess.
420 2779 453 2870 6,
468 2811 540 2879 cap.
552 2790 587 2872 7,
598 2803 711 2858 etcan
732 2791 787 2872 ιι,
799 2803 923 2858 constat
939 2806 1000 2861 nas
1011 2789 1200 2886 Justdioarr,

213 2912 251 2964 ac
262 2894 400 2983 proinde
417 2895 457 2962 ad
473 2907 591 2962 statum
608 2895 889 2988 supernaturalem
904 2895 1023 2964 elevari
1039 2913 1097 2986 per
1112 2891 1204 2971 inlu

213 3000 338 3082 sionem
354 3000 467 3086 gratiae
484 3011 515 3070 et
528 2999 691 3072 charitatis
703 3023 713 3082 ;
725 3021 807 3091 erga
824 3009 843 3068 'a
858 3023 927 3095 para
919 3001 1101 3082 Christus.
1148 3035 1166 3094 χ

255 3102 293 3177 2³
305 3125 344 3198 p.
367 3103 444 3172 llam
463 3106 578 3172 habuit
599 3113 618 3172 a
639 3109 743 3196 prima
761 3109 981 3199 conceptionis
998 3107 1141 3189 instanti,
1164 3108 1203 3176 in

210 3208 316 3298 gradu
340 3209 596 3301 perfectissimos
625 3213 794 3302 Siquidem
822 3217 930 3287 anima
956 3215 1073 3284 Christi
1093 3215 1202 3287 tutta

211 3315 1204 3414 primocanceptionis,instantiunitapersonaeVerbi,proinde

210 3419 253 3490 ab
268 3421 325 3488 illo
337 3435 502 3491 momento
519 3423 633 3491 habuit
650 3425 682 3490 in
695 3428 797 3512 gradu
823 3428 1059 3520 perfectissimo
1082 3445 1202 3520 omnes

212 3524 710 3616 perlectioneslpsipossibiles.
813 3611 815 3617 Ι
1088 3517 1115 3520 ”
1145 3561 1147 3564 ·
1180 3515 1194 3522 ”
