2622 4154
633 329 812 402 40..

183 518 192 530 -
235 476 351 546 eodem
368 471 536 544 intellectu
564 472 647 538 circe
667 472 754 538 idern
769 463 946 557 objectum.
970 468 1084 537 Goeteri
1101 477 1217 540 eutem

234 580 391 666 theologi,
408 599 548 666 quorum
569 578 725 646 sententie
746 573 945 664 probabilior
960 575 1055 642 nobis
1070 573 1214 659 videtur-4

235 687 377 753 sentiunt
398 685 463 750 lide
486 684 594 751 divint
617 681 706 750 credi
723 701 817 770 posse
834 680 999 746 veritatem
1019 681 1215 762 revelatam,

235 812 310 879 quae
321 791 452 857 aliunde
464 789 630 856 evidenter
645 794 907 874 cognosceretur.
925 783 1011 852 Licet
1031 787 1117 852 enirn
1132 787 1217 854 sub-

230 899 353 986 jectum
370 917 428 986 per
443 895 608 962 scientiam
626 894 779 983 percipiet
796 893 973 970 veritatem,
992 892 1069 959 huic
1088 893 1216 960 veritati

234 1011 341 1092 potest
351 1002 506 1068 assentire
523 1003 617 1068 unice
629 1015 762 1090 propter
777 1000 837 1066 Dei
854 998 1024 1066 revelantis
1040 1001 1215 1068 auctorite·

233 1116 313 1189 tem,
332 1106 549 1174 abstrahendo
576 1112 673 1174 isui
702 1105 847 1174 scientie.
866 1105 899 1170 ln
922 1103 984 1170 lroc
1005 1105 1102 1171 etiem
1118 1126 1215 1188 essu,

142 1234 145 1239 ·
235 1216 382 1304 quamuis
398 1215 513 1281 veritas
529 1214 590 1280 sub
615 1233 680 1282 uns
697 1221 844 1300 respectu
860 1212 901 1277 sit
916 1211 1090 1278 scientifice
1111 1213 1213 1295 clere,

237 1323 300 1389 sub
318 1321 418 1390 sltero
435 1333 596 1407 respectu,
615 1340 673 1388 seu
693 1323 852 1405 quatenus
868 1324 917 1384 est
939 1315 1103 1403 objectum
1120 1319 1212 1402 lidei,

232 1439 399 1517 permonet
413 1425 564 1504 obscure,
588 1425 700 1491 saltent
718 1425 827 1512 quodid
844 1422 968 1489 ‘lectum
993 1423 1212 1493 revelationis.

234 1534 401 1622 Siquidem
414 1532 594 1598 testimonio
605 1531 724 1618 quibus
741 1530 896 1618 probetur
914 1530 1079 1596 existentia
1095 1532 1214 1597 verite-

232 1641 272 1708 tis
288 1638 448 1718 revelctae,
460 1639 630 1723 nunquim
649 1637 791 1702 reddunt
803 1636 887 1704 hunc
900 1637 1067 1704 veritatem
1078 1636 1213 1704 euiden-

233 1757 284 1810 ter
297 1763 419 1823 veram,
438 1743 495 1808 sed
512 1746 635 1807 tanturn
649 1741 813 1810 euidenter
828 1741 1030 1810 credibilem.

279 1847 315 1912 5·
337 1868 375 1932 p.
400 1843 523 1917 vetitas
547 1847 644 1913 debet
667 1847 713 1913 ab·
731 1846 872 1913 Ecclesia
898 1849 1036 1937 proponi
1055 1855 1216 1938 tenqudrn

234 1952 384 2031 revelata,
403 1951 473 2020 eliis
489 1952 607 2031 verbis,
625 1953 741 2019 renites
757 1952 855 2018 dehet
871 1954 1005 2040 proponi
1019 1953 1059 2020 eb
1072 1956 1218 2022 auotori-

232 2070 296 2126 tcte
333 2057 547 2126 ecclesiastice
577 2056 671 2145 cujus
695 2057 904 2122 infallibilites
932 2058 1015 2124 circa
1045 2059 1214 2126 veritatem

233 2163 399 2231 definitam
420 2164 509 2252 rejici
532 2176 673 2251 nequest
688 2163 813 2250 absque
838 2163 966 2229 lrsereei.
992 2153 1215 2249 Siquidem'ut

229 2271 347 2338 veritus
361 2271 511 2357 quaedem
529 2271 570 2336 de
587 2269 776 2336 lide-dirius
798 2269 957 2336 cetlroliod
978 2269 1019 2336 sit
1034 2271 1211 2352 credenda,

231 2377 408 2462 requiritur
423 2387 459 2440 ut
472 2375 584 2441 divine·
595 2373 693 2461 liujus
702 2376 841 2441 veritatis
852 2375 1003 2442 revelatio
1019 2377 1214 2444 certdinno-

233 2491 333 2546 tescet
356 2500 415 2568 per
434 2480 579 2546 medium
604 2479 771 2546 inlellibile
786 2489 819 2548 et
843 2481 1047 2562 universale,
1069 2502 1128 2548 seu
1152 2505 1213 2570 pro

232 2585 384 2654 omnibus
394 2585 581 2652 horninibus
591 2587 812 2653 constitutum.
825 2587 924 2652 Porro
933 2587 1002 2653 solo
1012 2587 1151 2654 Ecclesia
1163 2608 1216 2655 ca·

231 2691 349 2760 tholiee
362 2693 481 2780 gaudet
493 2692 545 2758 teli
555 2692 733 2780 priuilegio,
742 2705 777 2758 ut
786 2693 925 2759 vidimus
938 2693 994 2760 ubi
1004 2683 1210 2760 dcls'ccleciti.

255 2823 257 2831 ·
278 2799 414 2866 Observ.
432 2800 508 2864 llaec
523 2799 666 2866 veritatis
686 2798 815 2886 publice
839 2800 1014 2887 propositio
1031 2798 1215 2887 per‘lloele·

232 2905 313 2972 siem
337 2904 485 2990 sequenti
507 2906 615 2987 modo
634 2925 762 2992 semper
792 2905 862 2971 fieri
888 2905 1000 2972 debete
1024 2904 1212 2990 Requiritur

229 3007 391 3095 judicium
409 3007 588 3095 publicum,
607 3030 673 3096 quo
686 3015 843 3096 tanquumf
857 3010 1028 3078 divitiosae
1044 3005 1211 3076 revelatio·

232 3130 308 3183 nem
321 3112 519 3188 continentes
535 3123 759 3202 proponentur
770 3116 874 3184 sontes
887 3118 1034 3203 equibus
1051 3115 1214 3203 depromi-

232 3230 287 3284 tur
301 3217 417 3284 veritos
430 3218 605 3286 credenda.
635 3223 702 3287 lloc
721 3221 851 3300 suffieit,
868 3223 894 3289 si
910 3222 1017 3289 clerus
1033 3235 1064 3288 et
1079 3229 1212 3310 opertus

232 3324 273 3392 sit
289 3343 404 3390 sensus
419 3323 562 3392 veritatis
586 3326 784 3394 inionibus
807 3349 978 3417 expresse.
1006 3328 1170 3414 Alioquin,
1185 3329 1212 3392 si

230 3429 497 3498 veritatiseensus
507 3431 546 3498 sit
558 3432 716 3500 obscurus
733 3445 766 3500 et
784 3434 968 3517 ambiguus,
982 3433 1117 3520 insuper
1130 3431 1211 3498 deti-

231 3536 370 3601 niendus
383 3549 442 3617 est,
461 3541 530 3604 turn
547 3537 611 3606 tide
624 3539 797 3607 universali
810 3538 971 3619 Ecclesiae,
990 3543 1060 3604 tiun
1076 3537 1211 3625 positive

234 3639 408 3706 decisione.
