2708 4122
580 288 782 356 -ntt-

236 435 280 502 Π.
299 433 443 520 Angelis:
460 467 501 480 -
513 429 657 497 Christus
671 429 732 497 illis
747 427 884 507 metuit3
903 447 959 493 seu
978 429 1099 515 potiits,
1112 430 1174 496 rin·

191 542 253 628 geli
272 562 329 629 per
354 539 516 606 Christum
536 537 750 603 obtinuerunt
773 533 858 600 bono
885 534 1084 614 extrinsece,
1107 551 1174 601 non

191 653 268 714 vero
285 647 369 713 bonu
383 645 565 711 intrinsece.

236 751 336 819 Proit.
349 772 384 838 p.
400 773 437 838 p.
458 751 493 815 t⁰
510 745 621 832 Angeii
635 745 846 812 obtinuerunt
861 743 947 810 bona
970 739 1171 812 extrinsece:

193 859 362 946 Siquidem
377 855 450 923 teeti
467 868 542 922 sunt
561 851 707 919 membru
732 849 861 916 Christi.
875 848 955 938 ipsIs
977 850 1171 917 manifestati
1214 841 1215 848 ἵ

193 969 269 1028 sunt
284 959 417 1028 effeetus
433 958 597 1026 mirabiles
626 956 776 1021 bonitatis
802 962 833 1022 et
852 954 1018 1042 sopientiae
1041 952 1168 1022 infinitae

191 1066 265 1148 Dei,
280 1067 412 1154 Epiros„
428 1067 460 1144 5,
477 1065 530 1130 1οι
546 1065 583 1128 Ut
595 1061 1165 1146 innoteteutprineipotibusetpotes-

192 1174 311 1240 tatibus
324 1172 543 1240 incolentibus
556 1169 803 1256 perdocteoiam
818 1169 1025 1252 multiformis
1042 1169 1169 1252 supien-

196 1279 243 1346 tia
258 1279 332 1346 Det'.

238 1387 275 1452 2⁰
293 1385 361 1453 Non
381 1384 559 1452 verobona
583 1381 754 1448 intrinseca
772 1379 926 1464 (gratiam
949 1391 980 1445 et
995 1377 1174 1463 gloriam:

192 1492 359 1580 Siquidem
385 1491 550 1559 decretum
574 1489 614 1554 de
638 1488 739 1572 guntin
756 1499 787 1551 et
807 1484 908 1570 glorie
925 1485 1047 1572 angelis
1064 1481 1177 1552 eonse-

192 1597 304 1674 rendt,
317 1599 441 1664 ratione
458 1595 611 1683 proeoedit
630 1596 796 1660 decretum
815 1594 855 1659 de
876 1594 1102 1682 redemptione
1115 1595 1176 1661 ho-

195 1703 291 1770 minis
308 1724 366 1791 pet
386 1701 652 1769 incarnationem.

238 1809 289 1874 iil.
308 1807 499 1874 Hominibus
511 1829 573 1869 :-
588 1803 892 1870 Christusomnibus
908 1803 1097 1871 hominibus
1110 1827 1178 1873 me·

191 1913 257 1979 ruit
283 1911 379 1976 uitam
405 1924 559 1975 netemam
595 1920 626 1973 et
659 1909 765 1974 medie
796 1910 837 1975 ad
857 1908 934 1999 {eom
963 1911 1178 1980 obtinendam

191 2015 385 2095 necessario,
403 2013 524 2080 seilicet
540 2013 674 2098 gratiam
692 2013 892 2082 habitualem
913 2024 944 2082 et
974 2017 1093 2102 gratius
1120 2040 1176 2086 ao·

194 2121 309 2187 tuales.
1166 2201 1170 2208 Ι

236 2225 337 2293 Proh.
358 2218 408 2292 itj
423 2227 490 2294 not.
509 2228 618 2316 Apost.
634 2228 667 2308 i,
685 2229 747 2294 tn:
766 2229 838 2298 Non
855 2240 901 2295 est
921 2231 955 2295 itt
976 2229 1041 2296 olio
1063 2233 1177 2317 aliquo

192 2334 297 2400 salus.
315 2334 379 2402 Nee
391 2337 476 2402 euim
492 2337 767 2403 uliudnomenest
781 2335 841 2402 sub
854 2339 929 2402 eoeio
941 2338 1054 2402 dotum
1070 2337 1177 2404 domi·

191 2441 300 2521 nibus,
313 2442 347 2508 in
364 2462 425 2528 quo
443 2452 590 2528 oporteat
602 2463 662 2508 nos
685 2445 793 2509 salvos
811 2444 895 2532 fieri.
914 2443 1024 2508 Mutth.
1045 2443 1099 2522 18,
1117 2443 1175 2511 tt':

192 2547 281 2615 Venit
292 2551 377 2616 enim
392 2549 493 2615 Filius
502 2549 642 2614 hominio
652 2549 782 2614 salvare
790 2549 878 2634 quod
890 2549 1047 2632 perierat.
1059 2549 1073 2613 l
1086 2549 1175 2618 Tim.

192 2651 227 2734 i,
248 2653 301 2718 tn:
319 2653 494 2738 Speremus
515 2656 549 2719 in
562 2653 665 2722 Deum
681 2654 801 2732 viuum,
815 2655 871 2740 qui
883 2651 928 2720 est
939 2655 1091 2721 ‘salvator
1106 2675 1178 2722 orn-

192 2761 283 2826 nium
295 2761 472 2839 hominum,
489 2763 629 2828 maxime?
638 2763 795 2850 fidelium.
1164 2847 1167 2851 ,

236 2866 337 2933 Prot.
350 2868 399 2933 2¹.
411 2867 491 2937 Vera
505 2881 613 2960 nostru
630 2868 818 2956 propositio,
837 2869 863 2935 si
877 2890 948 2956 spes
960 2869 1031 2936 vitoe
1044 2881 1177 2938 ueternae

193 2971 316 3038 oriatur
332 2994 369 3038 ex
382 2975 496 3040 merito
513 2969 645 3053 Christi3
665 2995 762 3062 porro
780 2995 831 3040 res
847 2973 888 3039 itn
903 2987 963 3040 est.
975 2975 1056 3040 Nam
1072 2967 1174 3041 Cone.

191 3073 283 3142 Trid.
298 3099 378 3143 sess.
398 3079 431 3158 6,
446 3102 518 3146 can.
531 3081 587 3160 26,
600 3081 670 3147 haee
680 3080 777 3148 habet
792 3079 929 3167 :Siquis
945 3081 1064 3146 diruerit
1066 3069 1177 3165 justos

190 3201 258 3250 nott
275 3181 388 3274 dedere
408 3205 472 3270 pro
501 3187 592 3254 ironis
617 3187 777 3274 operibus,
810 3209 880 3274 quor
907 3189 941 3254 irt
963 3187 1030 3253 Deo
1052 3186 1177 3273 suerint

189 3291 279 3374 tuoto
297 3335 307 3369 ‚
325 3303 512 3377 exspectare
528 3305 557 3360 et
565 3317 699 3380 sperare
720 3307 874 3360 oeternurn
885 3292 1126 3360 retributionem
1152 3279 1175 3361 it

189 3391 258 3460 Deo
273 3414 333 3480 per
352 3395 421 3479 ejus
436 3397 692 3466 misericordium
708 3410 736 3465 ot
751 3399 826 3465 lesu
849 3397 969 3466 Christi
980 3400 1170 3466 meritum...

191 3501 365 3568 anathema
387 3504 440 3568 sit.
