2708 4122
521 328 565 342 -ι
589 291 653 360 5⁹23
676 332 720 343 -

130 427 315 520 necessario
338 449 376 493 θη
394 427 495 498 liltore
512 431 626 497 subeat
643 435 800 500 actionem
826 436 949 520 gratian,
966 438 1006 503 9⁰
1025 439 1111 506 undo

130 513 304 620 metenda
319 533 358 599 sit
371 533 541 602 cllicaeitas
558 552 613 604 aut
630 539 764 627 simplex
791 539 980 609 sullioicntia
998 545 1110 628 gratian

128 639 275 736 actualis,
294 661 334 706 θη
348 661 385 706 ex
397 643 500 728 gratia
517 642 597 732 ipsa,
610 667 650 710 an
662 667 700 710 ex
714 646 875 714 voluntate
888 649 1053 716 horninisl

175 745 456 814 tetrasemos:
492 749 603 816 Utrum
632 752 726 818 horno
752 754 933 820 trecenario
951 777 994 822 nn
1012 755 1111 878 libere
1144 836 1146 840 .

126 853 240 928 sulcat
256 851 413 920 actionem
428 858 568 942 proiice?

170 946 268 1046 Iiesp.
274 960 409 1030 Certum
422 975 467 1030 est
483 966 515 1030 l⁰
533 952 673 1032 animam
686 950 869 1034 necessario
870 919 998 1038 sallire
1016 920 1108 1039 clleo

124 1079 177 1136 tus
186 1069 297 1154 gratia*
312 1070 552 1138 sanctificantis.
567 1073 617 1137 Illi
635 1075 721 1148 enirn
739 1073 872 1141 effeetus
884 1088 959 1142 sunt
977 1069 1106 1180 consec·

125 1176 204 1242 taria
222 1175 400 1242 necessaria
414 1155 777 1265 gratiaesanetilicantis

172 1277 302 1349 Certum
315 1295 364 1352 cst
378 1284 415 1348 2⁰
433 1283 633 1350 intellectam
655 1287 838 1354 necessario
857 1287 1031 1357 illuminari
1048 1314 1107 1408 per

124 1389 285 1462 aeticncm
305 1397 376 1474 grat
377 1390 416 1456 iae
441 1389 633 1470 intellectas,
659 1393 804 1481 adjurari
834 1396 874 1461 ad
899 1393 1020 1508 lacuum
1049 1401 1107 1485 pcc

124 1496 283 1576 actionem
299 1497 409 1594 gratian
425 1497 609 1564 voluntatis

172 1603 428 1669 Coactrocertitrn·
445 1617 551 1670 autern
573 1605 655 1669 inter
674 1581 855 1673 Catlrolicos
882 1621 917 1674 ct
934 1606 1105 1676 haereticos

120 1713 231 1794 utrium
245 1709 391 1776 voluntas
404 1709 545 1776 lrurnana
568 1712 762 1792 necessario,
789 1735 829 1778 θη
846 1714 961 1816 liltore,
974 1736 1099 1802 sequa-

119 1825 175 1882 tur
187 1813 354 1882 inertibus
366 1818 433 1884 ouis
450 1808 829 1904 gratiaeinspirationem.

167 1918 320 1986 Catholici
344 1940 458 1986 omnes
470 1919 639 1987 affirmant
647 1922 827 1988 libertatem
846 1921 987 1992 hominis
1004 1945 1101 2012 agen·

117 2026 157 2093 tis
170 2024 255 2092 sub
247 2025 490 2112 rnspirntinnc
474 2026 583 2092 “ratim
600 2027 695 2092 etiam
715 2013 866 2096 e'llicaeis

162 2131 361 2200 Pseutlorelo
366 2133 457 2197 rmati
472 2140 547 2197 vero
565 2107 596 2198 ol
616 2135 808 2203 Janscnistae
825 2113 1017 2206 sententiam
1029 2139 1101 2206 can-

120 2237 335 2304 trarlietcriam
352 2237 607 2340 amplectuntur
594 2239 745 2304 -Juxta
765 2239 1098 2324 Pseudoeelcrmatos,

118 2341 257 2410 liberum
268 2343 408 2410 hominis
419 2329 851 2430 arbitriumlaitexstinetum
863 2366 920 2431 per
932 2362 1100 2438 peceatum
1166 2360 1171 2368 ‘

117 2445 293 2538 originale·
286 2503 294 2531 ,
308 2453 393 2532 undd
386 2451 491 2518 hona
508 2443 612 2540 opera
623 2450 663 2516 ab
685 2449 817 2536 lapmian
829 2451 919 2538 lapso
938 2445 1096 2544 producta

119 2559 211 2626 nullo
230 2559 362 2626 modo
354 2559 499 2646 rpsius
481 2557 648 2638 voluntati,
668 2557 804 2646 proinde
832 2558 972 2624 totaliter
988 2574 1099 2644 granta

117 2667 236 2740 (livinae
249 2679 323 2734 sunt
339 2663 589 2734 attribuenda
568 2666 715 2732 -Juxta
727 2665 939 2744 Jansenistas,
951 2664 1098 2736 noluntas

115 2760 260 2871 humana
278 2795 335 2862 per
347 2771 584 2863 protoparentis
603 2747 769 2858 peccatum
783 2775 916 2862 prorst'as
929 2772 1034 2838 amisit
1045 2793 1099 2880 pc-

115 2882 213 2950 tivam
230 2881 326 2950 liberi
349 2881 472 2949 arbitrii
488 2879 738 2970 flexibilitatem,
759 2887 823 2967 qua
840 2901 898 2967 pro
920 2887 1001 2948 nutu
1025 2903 1097 2949 seso

113 2964 242 3058 larebat
265 2987 305 3056 ad
322 2987 446 3054 bonum
463 2973 520 3078 aut
534 2986 574 3052 ael
600 2961 735 3052 malurn.
755 2987 907 3053 liberum
924 2985 1095 3054 arbitrium

113 3095 272 3164 antissam
296 3093 464 3184 suppletur
481 3115 538 3184 por
543 3077 725 3202 duplicem
749 3093 1016 3174 delectationem,
1035 3097 1096 3191 coc

112 3203 231 3270 lestern
247 3201 380 3282 scilieet,
400 3223 457 3268 seu
474 3201 676 3288 charitatem,
690 3195 763 3288 uuae
782 3199 822 3266 ad
837 3175 973 3292 bouum,
986 3211 1017 3270 et
1032 3210 1097 3270 ter

113 3329 241 3392 renam,
253 3331 311 3378 seu
325 3306 640 3396 concupiscentiam,
650 3328 723 3394 quae
740 3307 780 3374 ad
795 3307 916 3374 malurn
934 3311 1094 3378 sollicitat.

111 3418 198 3486 Duco
214 3415 278 3484 illae
298 3415 527 3486 delectationes
557 3416 599 3482 ita
623 3415 715 3496 inse
734 3415 872 3482 invicem
888 3400 922 3482 et
938 3415 970 3482 in
993 3417 1097 3506 ipsam

109 3523 313 3594 voluntatem
330 3517 481 3604 inllnunt,
501 3532 534 3589 ut
553 3523 700 3604 voluntas
717 3522 927 3593 necessitetnr
943 3523 982 3590 ad
1001 3543 1094 3608 agen·

110 3629 194 3700 dum
207 3629 299 3717 juata
314 3629 527 3720 superiorem.
544 3629 634 3698 nouo
652 3629 756 3699 omnis
773 3629 874 3718 gratia
892 3621 1093 3714 estnoc‘cssa-
