2708 4122
537 327 579 338 -
604 289 668 356 285
693 289 735 338 -’

365 489 366 492 ’
457 467 532 537 lm
546 413 623 509 'lte
634 423 823 510 consectariis
846 435 878 500 ⁵.

194 607 304 690 Quacr.
328 604 559 688 Quocumoiot
583 623 694 722 carasco
697 605 784 692 tario
806 613 834 668 et
850 606 976 688 effectur
999 608 1130 672 aterito

144 734 223 779 rum
239 703 380 779 Cariati?

192 819 291 903 Rcsp
310 820 370 884 Per
395 817 511 884 Christi
535 816 647 882 merita
667 816 790 884 homiui
819 830 947 887 creatur
965 819 1123 886 certitudo

145 921 315 994 obtinendi
333 921 365 985 in
383 920 443 987 hac
460 921 524 986 rita
546 921 662 1004 gratias
679 921 835 1000 actualcs3
851 934 892 998 et,
914 922 1024 1011 positis
1051 943 1127 990 cum

144 1027 266 1094 auxilio
282 1027 393 1112 gratiae
410 1027 650 1094 conditionibus
663 1027 806 1114 'praeriis
826 1030 959 1112 gratiam
974 1029 1123 1095 habitua-

142 1135 222 1213 lem,
241 1133 273 1199 in
291 1133 456 1220 alteraque
473 1134 535 1198 rita
547 1134 958 1202 heatitudinemaeternam.

491 1375 493 1381 ’
535 1411 654 1472 nurus
676 1391 728 1470 111.
753 1449 755 1454 ,
787 1445 791 1452 ι

437 1561 563 1624 CHRISTUS
579 1559 684 1606 INFLUIT
703 1562 826 1604 GRATIAM.

183 1687 328 1757 Inlluxus
344 1689 454 1776 gratiae
465 1680 593 1802 potest
587 1689 783 1758 considerari
804 1689 860 1755 l⁰
852 1710 883 1754 m
896 1707 942 1769 se,
958 1689 996 1755 20
1012 1654 1123 1776 quoad

137 1797 294 1864 modum.
354 1813 356 1817 ’
383 1823 385 1826 ·
735 1825 736 1830 “

622 1935 646 1992 1.

327 2099 364 2138 nn
382 2099 496 2144 lNFLUXU
517 2099 624 2152 uuam
642 2099 671 2142 lu
690 2101 721 2142 SE
739 2100 945 2143 constantiano.-

183 2235 291 2300 Gratla
305 2234 337 2298 in
355 2253 480 2318 genereu
492 2245 539 2299 est
552 2235 684 2300 douram
702 2234 781 2306 Gitrn
794 2243 901 2301 autem
911 2234 1038 2301 donum
1049 2257 1122 2325 pos·

143 2340 184 2420 sit
199 2362 267 2407 esse
285 2341 407 2407 ordinis
424 2341 472 2407 vel
487 2340 654 2417 naturalis,
669 2341 718 2432 vel
735 2343 1003 2426 supernaturalis,
1020 2345 1122 2426 gratia

138 2445 170 2512 in
186 2446 284 2513 sensu
300 2446 545 2532 generalissimo
558 2460 684 2532 sumpta
698 2459 801 2532 potest
814 2466 884 2512 esse
897 2445 1051 2512 naturalis
1065 2460 1121 2511 aut

135 2553 407 2640 supernaturalis,
427 2552 685 2640 supernaturalis
703 2559 809 2618 aulem
823 2553 924 2636 gratia
942 2552 1122 2616 cstdonum

133 2659 199 2726 Dei
216 2659 400 2727 ordinalum
419 2660 458 2724 ad
476 2658 573 2723 finem
587 2653 880 2750 supernaturalem,

181 2765 345 2858 Dividitur
362 2765 397 2830 l⁰
415 2762 594 2851 ingratiam
611 2765 786 2843 Crantoris,
801 2785 874 2850 quae
888 2763 1010 2848 angelis
1027 2764 1125 2832 etho*

132 2857 396 2940 miniinnoccnti
414 2872 600 2939 immediate
616 2875 635 2936 a
651 2873 720 2938 Deo
737 2891 887 2937 concessa
905 2869 976 2950 fait,
996 2882 1121 2955 etgra-

133 2984 216 3049 tiam
228 2983 450 3067 Redemptcrir
469 3031 477 3061 ,
498 3001 571 3067 quae
586 2977 708 3046 homini
719 2981 808 3068 lapso
822 2983 837 3044 a
851 2979 918 3046 Deo
931 2978 1121 3048 conceditur
1199 3055 1201 3058 ¹

133 3087 259 3155 intuitu
272 3083 461 3154 meritorum
479 3099 510 3153 et
525 3107 582 3174 per
599 3085 756 3151 inlluxum
775 3083 904 3150 Christi.

134 3181 137 3185 ’
181 3195 220 3264 2⁰
233 3195 340 3261 Gratia
353 3194 576 3282 Redempteris
589 3201 637 3259 est
647 3197 750 3279 pratia
759 3193 852 3272 doto,
866 3195 940 3257 ci1m
954 3193 1122 3259 ordinatur
1178 3195 1180 3201 ’

133 3301 179 3370 ad
201 3301 371 3371 utilitatem
395 3299 675 3391 supernaturalem
699 3298 859 3379 aliorum,
885 3317 995 3382 vg.
998 3299 1121 3364 danum
1199 3346 1209 3357 ,,

132 3406 329 3506 prophetiae,
349 3408 472 3474 donum
491 3405 732 3484 miraculorum,
747 3407 824 3470 etex
817 3425 882 3490 pr
884 3405 1118 3488 utumsactcar,

133 3510 213 3577 ctlm
231 3503 407 3581 ordinatur
423 3506 469 3580 ad
481 3513 602 3579 bonum
632 3509 878 3632 supernaturale
907 3499 1043 3596 subjecti
1068 3508 1119 3575 cui
1146 3565 1147 3568 ,

133 3613 340 3686 conceditur.
437 3631 438 3636 ’
1039 3644 1041 3648 ·
