2708 4122
542 170 743 246 -aat-

149 321 183 388 itt
202 319 370 400 charitate,
383 319 423 400 in
441 319 507 389 Deo
524 333 642 402 monet,
665 335 694 392 et
716 324 802 402 Daue
828 323 862 400 in
878 344 933 390 eo.
957 325 993 390 20
1018 322 1124 394 Gratia

149 426 256 492 vitam.
271 425 471 514 spiritualem
500 429 615 493 animae
638 428 790 494 infundit.
817 431 898 495 Item
927 430 1085 510 ebor-itas,
1104 434 1128 498 t

147 533 242 598 Joan.
258 531 290 610 5,
309 532 367 596 ll:
392 533 560 612 'translati
572 555 682 600 sumus
693 535 844 600 domorto
858 537 903 602 ati
917 537 1030 615 vitam,
1045 521 1125 624 quo·
1199 539 1201 544 ’

147 641 551 727 stainahamma-atrae
564 644 619 728 qui
630 641 695 709 non
709 645 826 730 dittptt,
842 657 953 710 monet
969 647 1124 732 inmorta

148 747 184 834 5⁰
202 747 306 812 Gratia
323 769 382 814 nos
392 747 452 814 Dei
468 748 551 817 tilios
565 747 672 838 allisit.
686 739 765 831 ltem
779 751 930 830 alra-rima,
945 754 959 816 Ι
974 753 1069 818 Joan.
1088 755 1123 834 Ιι,

140 854 180 930 J:
201 853 313 921 Omnis
330 855 384 938 qui
400 856 568 940 otilipitfea
581 855 649 919 Deo
660 866 756 932 notus
771 867 829 922 eet.
849 857 885 920 [ιο
900 858 1005 928 Gratia
1019 859 1125 946 homi·

146 980 221 1036 nem
238 959 344 1035 reddit
364 973 492 1043 gratum
517 971 548 1027 et
571 973 748 1048 aooeptum
762 961 844 1026 Deo.
865 963 945 1028 Item
971 953 1124 1044 charitas,

145 1068 239 1134 ιοιι.
255 1065 308 1144 ιι,
323 1065 361 1130 ιι
377 1089 385 1130 ;
400 1066 578 1152 aaronem
593 1087 655 1146 ιιι,
675 1069 971 1152 attaminarent
989 1057 1071 1139 met.
1088 1073 1125 1138 ao
1195 1129 1198 1134 ,

147 1172 252 1238 Gratia
273 1177 320 1238 est
335 1159 446 1238 semen
459 1172 530 1238 vitea
547 1185 688 1240 aetertroe.
703 1174 784 1238 Item
797 1173 947 1252 ebaritas,
957 1175 1070 1243 iacob„
1091 1179 1123 1255 1,

148 1278 208 1344 tr:
229 1277 391 1364 Coronam
403 1278 476 1346 vita
489 1279 674 1362 repromisit
697 1280 783 1345 Dona
801 1279 1006 1366 ditipentibus
1028 1304 1074 1347 se.
1087 1283 1125 1348 8⁰

146 1385 206 1452 Per
216 1383 351 1470 gratiam
369 1383 466 1448 ltomo
479 1381 687 1470 justificatur.
705 1385 785 1450 Item
797 1367 909 1450 asserit
920 1383 1017 1452 Cone.
1033 1386 1122 1452 Trid.

146 1491 187 1557 de
202 1489 369 1578 charitate,
389 1510 469 1558 sess.
482 1489 517 1567 6,
537 1505 608 1578 neap.
634 1489 666 1553 7:
686 1489 886 1570 (iustificatio
905 1489 952 1570 lit)
974 1492 1050 1558 ditm
1063 1513 1125 1576 per

144 1595 494 1694 SpiritnmSoaotttru
476 1596 623 1661 alteritas
640 1597 863 1713 diffunditur
851 1617 884 1662 ιιι
902 1596 1060 1664 cordibae
1072 1619 1125 1664 eo-

142 1722 221 1766 rum
233 1700 527 1786 qtrijuatipioantur,
542 1710 636 1785 utque
657 1700 737 1784 ipsis
754 1699 900 1768 inhorret.

189 1808 264 1874 ttae
281 1807 389 1894 opinio
412 1806 619 1893 impugnatur
638 1806 673 1870 l⁰
695 1805 872 1874 rationibus
899 1805 1034 1879 aliarum
1048 1807 1125 1894 opi

141 1916 280 2000 trionum
303 1933 377 2003 quae
397 1925 588 2002 presentem
614 1913 802 1993 excludunt,
822 1913 858 1978 2⁰
879 1891 1057 2004 rationibus
1075 1933 1125 1978 se·
1199 1905 1202 1908 ’

141 2019 360 2112 quentibus.

188 2127 269 2212 Male
285 2126 452 2214 probatur
470 2111 623 2190 lilentitas
637 2127 746 2212 gratiae
763 2137 794 2192 et
810 2125 974 2194 eharitatis
992 2125 1124 2194 nouolu-

144 2236 230 2304 tlitur
241 2255 277 2302 ert
288 2254 326 2301 eo
341 2232 429 2318 quod
447 2230 933 2315 effeetusgratiaesanctificantis
950 2233 1126 2299 attribuat]

147 2355 200 2409 tur
210 2341 370 2419 ohannau
385 2360 482 2428 porro
509 2339 579 2404 lraeo
597 2337 770 2402 rationihil
787 2337 915 2422 probat.
939 2336 1019 2402 Cum
1034 2338 1122 2420 enlm

140 2450 243 2538 gratia
260 2461 291 2515 et
316 2447 454 2514 ebaritas
475 2443 539 2511 siut
555 2445 637 2508 iuter
660 2463 694 2506 se
716 2459 885 2517 eonnexae,
907 2452 938 2504 et
955 2460 992 2504 ex
1009 2430 1123 2529 natural

138 2561 202 2626 sual
228 2547 478 2642 inseparabiles3
505 2569 578 2635 quae
600 2546 795 2618 conveniunt
810 2552 880 2628 grat
882 2545 920 2610 iae
867 2524 1123 2632 ttribuuntur

136 2661 302 2742 clamitem,
319 2663 471 2745 tanquam
490 2651 559 2742 ojus
570 2653 740 2742 praecipuae
758 2649 956 2738 proprietati,
976 2663 1008 2716 et
1029 2649 1123 2733 uinis

136 2777 206 2838 sim
231 2787 358 2854 eaquae
385 2775 459 2831 sunt
483 2748 629 2830 charitati
651 2758 793 2866 propria,
812 2756 999 2823 tribuuntur
1009 2753 1122 2841 gratiae
1215 2759 1221 2765 ’

136 2872 423 2962 lataquemratlloi.
504 2877 544 2937 .‘

187 2979 278 3046 Falsa
305 2972 885 3050 ιιι.Νιιιι1.ι’1ιιιιὶιιιιιιιιιιιιε
909 2990 966 3036 seu
990 2953 1120 3034 lrabitus

133 3085 410 3183 supernaturalis,
429 3103 526 3174 porro
543 3080 672 3147 habitus
697 3077 950 3167 supernaturalis
969 3054 1123 3169 supponit

133 3207 292 3280 naturam
307 3193 369 3260 sibi
382 3189 656 3280 proportionatam
674 3187 725 3253 eui
738 3186 909 3262 inhaereat3
925 3205 1002 3268 ergo
1016 3184 1122 3250 ohari-

134 3311 189 3368 tas
202 3299 356 3388 supponit
379 3293 527 3364 naturam
544 3293 698 3360 elevatam
715 3291 755 3358 ad
779 3311 849 3358 esse
864 3289 1122 3376 supernaturale,

132 3427 200 3476 seu
222 3405 359 3494 gratiam
383 3401 595 3500 habitualem.
619 3397 726 3485 Atqui,
752 3397 778 3464 si
806 3395 944 3463 olitritas
963 3405 1125 3481 supponat

132 3513 278 3602 gratiam
295 3509 504 3590 habitualem,
524 3527 588 3574 non
607 3513 654 3572 est
674 3505 751 3591 quid
777 3521 877 3572 unum
896 3513 926 3568 et
942 3499 1029 3566 idom
1046 3519 1122 3610 auur
