2708 4122
570 323 774 390 -507-

183 460 272 548 quod
289 472 446 548 repugnat
462 461 572 528 sensui
587 461 754 528 irominum
773 463 937 530 communi
950 488 958 543 ;
973 466 1007 534 2.
1022 447 1166 534 liberunt

185 566 325 634 hominis
343 558 514 634 arbitrium
535 577 607 656 post
634 576 802 657 peecatum
821 591 885 637 non
903 571 1011 638 valere
1038 572 1098 652 nisi
1125 561 1166 640 ati

182 673 396 762 peccandum,
414 678 489 739 euru
507 689 564 761 per
585 696 620 740 se
644 675 769 761 absque
796 676 897 762 gratia
926 677 1167 764 supernaturali

182 801 248 847 non
262 779 360 866 possit
375 779 436 846 sibi
448 801 633 870 proponere
650 781 748 848 finem
773 783 1075 869 supernaturalem,
1098 803 1164 872 quo

182 883 248 952 fine
264 873 544 966 rtefieienie,aotus
561 887 593 952 in
610 887 763 976 opinione
779 887 1037 960 aduersariorum
1055 890 1160 958 malus

179 992 333 1062 eraderet
342 1016 351 1074 ;
368 1014 467 1082 porro
485 993 547 1062 hoo
563 1008 611 1061 est
625 993 757 1066 salsum.

399 1167 428 1222 2⁰
440 1169 478 1222 ite
499 1172 653 1224 necessitate
671 1173 768 1234 aratro
782 1149 945 1225 taottuottr.

228 1325 470 1412 Quoer.Utrrim‚
489 1337 530 1406 rt,
550 1327 585 1392 in
600 1327 771 1413 hypothesi
782 1327 998 1414 affirmationi,
1023 1349 1165 1415 ottonom

179 1453 277 1500 sensu
289 1433 400 1519 pratia
416 1432 593 1498 liubituaiis
606 1434 647 1498 sit
659 1433 868 1499 necessaria?
1107 1505 1110 1509 ,

225 1539 321 1624 Rerp.
347 1539 531 1606 Necessaria
563 1551 608 1604 est
640 1539 672 1604 1⁰
696 1539 728 1606 in
751 1560 790 1606 eo
817 1561 913 1606 seusu
934 1541 1021 1625 qrrod
1049 1547 1068 1606 a
1092 1541 1162 1608 Deo

178 1646 397 1736 praecipiatur.
418 1647 520 1711 Homo
545 1645 632 1725 euim
658 1644 728 1712 sino
752 1647 854 1731 gratia
877 1647 1162 1716 sanctificanteui-
1203 1681 1205 1686 v

178 1753 306 1820 sionem
322 1751 500 1846 intuitivanr
522 1752 668 1816 obtinere
685 1773 749 1816 non
772 1765 889 1840 potest,
907 1752 1045 1841 proinde
1062 1755 1103 1822 ad
1121 1754 1159 1821 u-

179 1880 257 1928 netu
269 1879 365 1926 suurn
382 1857 490 1924 deuito
504 1879 567 1923 non
579 1857 759 1924 ordinatur.

225 1952 410 2033 Necessaria
435 1978 482 2032 est
503 1964 540 2029 2⁰
559 1964 590 2029 in
614 1985 653 2030 eo
671 1987 767 2032 sensu
786 1965 873 2053 quod
891 1951 931 2032 sit
946 1965 1087 2063 conditio
1104 1989 1161 2036 ne·

175 2072 317 2144 cessaria
334 2070 440 2138 meriti
453 2071 494 2138 de
509 2072 683 2157 condique,
703 2085 739 2138 ut
752 2071 835 2138 inira
850 2073 1054 2160 probabitur.

223 2179 407 2248 Necessaria
418 2189 466 2244 est
482 2177 516 2242 5⁰
533 2178 564 2243 in
582 2199 621 2244 eo
638 2199 735 2270 sensu
753 2179 841 2266 quod
859 2179 959 2245 horno
978 2202 1041 2246 non
1060 2180 1162 2266 possit

181 2286 248 2352 sine
260 2289 297 2352 ea
310 2284 457 2350 obtinere
473 2282 569 2349 vitam
586 2295 754 2349 aeternam.
776 2285 842 2350 Hoe
859 2298 1033 2354 constatex
1049 2286 1114 2354 tide
1129 2298 1162 2354 et

179 2392 325 2458 doctrina
341 2388 510 2466 Ecclesiae3
528 2388 623 2454 docet
648 2373 735 2454 enim
758 2387 881 2456 Concil.
908 2389 999 2455 Trid.
1024 2411 1105 2459 sess.
1123 2392 1157 2472 6,

174 2523 250 2569 can.
266 2499 330 2565 52:
348 2495 383 2564 Si
394 2496 862 2586 quirdioerityurtifiootum...
882 2517 949 2564 nou
961 2501 1035 2564 uere
1056 2520 1159 2564 mere·

174 2606 251 2672 ri...
269 2603 370 2670 vitum
386 2612 552 2682 (eternam,
563 2612 592 2666 et
605 2600 790 2686 ipaiuroitoe
800 2611 938 2680 ruteruoe,
957 2601 987 2667 ri
1002 2604 1158 2672 tamenin

168 2711 285 2800 pratici
299 2707 479 2784 decesserit,
497 2708 794 2775 consecutionem...
813 2707 988 2773 anathemo
1010 2708 1065 2778 sit.

222 2817 292 2884 Non
305 2829 357 2882 est
371 2812 550 2881 necessario
571 2813 605 2896 1⁰
618 2813 659 2880 ad
681 2826 771 2881 aetus
788 2812 905 2879 bonos.
924 2813 1003 2880 Nam
1020 2812 1050 2880 i.
1076 2813 1157 2882 ulio·
1195 2878 1198 2884 ,
1257 2888 1266 2899 ,

174 2924 259 3014 quin
271 2943 384 2990 ornnes
401 2933 490 2990 uetus
507 2918 687 2986 infidelium
700 2933 731 2987 et
744 2938 856 2986 eorum
868 2917 924 3007 qui
937 2930 1012 2986 sunt
1028 2917 1060 2985 in
1071 2924 1157 2986 ,statu

176 3030 300 3120 peceati
316 3027 462 3096 mortalis
479 3035 586 3093 essent
603 3026 736 3093 totidem
752 3033 899 3116 peecata,
920 3045 993 3114 quae
1011 3025 1157 3114 proposi·

176 3134 224 3202 tio
237 3135 386 3201 damnato
396 3147 459 3200 est.
478 3131 512 3198 2.
532 3133 565 3199 ln
579 3132 688 3201 multis
697 3131 870 3219 Scripturae
887 3132 966 3198 loeis
977 3133 1066 3199 Deus
1078 3131 1156 3200 hot·-

177 3253 265 3308 tatur
279 3251 464 3330 peccatores
480 3239 521 3305 ad
534 3247 623 3306 aetus
638 3239 755 3319 bonae,
779 3239 819 3304 ad
833 3238 1073 3326 eleemosynam
1088 3288 1096 3318 ,
1116 3239 1157 3306 ad

174 3347 371 3427 orationem,
390 3360 467 3426 ete,
479 3366 555 3434 ergo
573 3347 672 3431 gratia
688 3345 964 3412 sanctitieansnon
986 3357 1035 3410 est
1051 3364 1159 3411 neees-

173 3454 262 3540 saria
279 3453 319 3520 ad
336 3465 425 3520 aetus
442 3452 558 3518 bonos.
577 3451 611 3519 3.
636 3453 759 3520 Concil.
773 3451 863 3519 Trid.
882 3472 962 3517 sess.
984 3447 1017 3530 6,
1037 3470 1109 3516 ran.
1121 3449 1155 3544 7.

176 3559 216 3628 Si
226 3561 302 3646 qais
316 3556 437 3625 dixerit
458 3577 559 3644 opere
579 3559 690 3626 omnia
711 3573 786 3644 'pareo
803 3567 877 3624 aute
892 3556 1157 3645 justificationem

173 3669 273 3774 fiant,
290 3669 488 3757 quaeeunque
500 3665 627 3736 rationo
639 3670 729 3765 faeta
741 3668 817 3752 siut,
836 3687 910 3735 vere
926 3685 992 3735 esse
1005 3675 1155 3755 peceato,
