2732 4038
669 184 875 254 -368-

280 325 382 396 semei
399 325 507 396 habita
531 347 661 418 semper
682 340 870 416 perseveret
890 335 923 393 ct
948 324 1084 394 untuaiis
1105 335 1231 392 censetur

281 433 386 500 donee
402 446 584 502 reuocetur.
1295 504 1296 544 ¹

324 539 364 604 4⁰
380 539 506 608 Sufficit
518 551 630 606 autem
643 540 675 606 in
692 537 764 606 aliis
773 537 907 606 intentio
920 537 1095 606 habitaretis
1109 547 1138 602 et
1151 533 1233 618 inpii
1295 547 1296 558 ¹

280 647 359 734 cite.
370 647 484 726 Porro,
495 657 532 714 ut
547 645 631 712 adsit
645 645 715 714 haee
727 645 876 726 intentio,
890 644 1025 724 suffieit,
1042 645 1068 709 si
1081 653 1183 727 agetur
1201 639 1233 705 dc
1296 714 1297 754 ¹

279 751 457 840 Baptismo,
472 751 618 818 voluntas
635 751 811 840 peragendi
821 751 930 818 omnia
946 751 1132 819 adsalutem
1147 767 1235 814 neccs-
1296 755 1297 786 t

279 857 380 934 sarim
393 855 420 922 si
436 867 550 938 agatur
565 855 608 922 de
623 854 694 921 otiis
707 856 928 936 sacramentis,
945 852 1190 922 suffieitintentia
1202 850 1236 912 in·
1297 924 1298 964 ¹

282 959 372 1028 elusa
389 961 422 1028 in
439 961 503 1028 vita
517 960 692 1028 christiana
703 959 840 1048 autejus
860 963 1039 1049 proposito.
1060 962 1137 1044 Quae
1150 954 1233 1024 omnia
1297 971 1298 1020 t

282 1073 431 1154 constant
443 1087 604 1146 consensu
617 1067 783 1136 communi
795 1081 827 1136 et
843 1067 932 1158 praxi
949 1068 1101 1136 Ecclesiae
1116 1066 1163 1150 (it.
1297 1065 1298 1074 ’

409 1337 414 1352 ¹
473 1311 476 1316 .
585 1279 968 1325 nr.-nanrrnemas.

328 1381 403 1452 Tria
424 1395 638 1473 queruntur:
667 1384 700 1450 t⁶
723 1382 834 1450 utrium
858 1390 1062 1452 sacramenta
1089 1376 1242 1470 producant

282 1489 436 1570 effectum
459 1489 497 1556 9⁰
514 1489 548 1557 in
564 1488 735 1581 hypothesi
743 1487 943 1570 affirmativa,
965 1509 1124 1580 quosnam
1140 1481 1240 1574 produ·
1260 1494 1262 1506 ·
1299 1507 1301 1596 ¹

285 1610 359 1666 cant
372 1597 530 1678 effectuae.
541 1595 578 1662 5ο
594 1595 765 1684 quomodo
784 1595 967 1686 producant
983 1594 1138 1665 effectus?

676 1729 833 1815 causato
854 1757 884 1806 a.

474 1873 576 1932 Utrum
591 1880 772 1930 sacramenta
783 1876 944 1944 praecreat
957 1877 1085 1948 erfectus?

331 1987 422 2052 Rasa.
441 1985 649 2056 Sacramenta
665 1987 852 2076 producunt
867 1989 1016 2058 effectus.
1032 1974 1179 2077 Alioquin
1191 1984 1248 2049 tna·
1302 1972 1303 2026 i

288 2092 410 2160 tiliteru
428 2092 497 2160 Deo
508 2092 809 2178 institutaiuissent.
821 2096 1146 2188 Aliundepropositio
1158 2100 1249 2161 nostra

285 2197 327 2292 ab
338 2199 492 2268 omnibus
509 2199 702 2270 admittitur.

674 2366 828 2424 QUAESTto
849 2365 887 2415 ll.

449 2484 593 2552 Quosaom
607 2487 714 2555 etp'ectus
724 2477 889 2556 proderant
910 2487 1111 2568 accremento?
1134 2505 1136 2508 ·

215 2677 223 2690 ¹
332 2604 423 2673 aar.
443 2605 589 2689 Quaestio
605 2613 710 2694 potest
725 2625 797 2674 esse
809 2605 851 2673 de
868 2606 1078 2673 sacramentis
1090 2598 1252 2670 oetatsaut

285 2729 379 2777 novoe
391 2709 486 2796 legis.
509 2737 511 2740 ·
1160 2699 1164 2704 ’

332 2817 361 2883 Ι.
380 2817 412 2882 Si
426 2818 467 2884 de
485 2818 693 2886 sacramentis
712 2817 831 2886 Veteris
848 2817 955 2905 Lenis.
1292 2899 1294 2906 ¹

332 2921 371 2987 i⁰
387 2921 593 3018 Sacramenta
605 2923 720 2990 veteris
738 2922 819 3009 legis
834 2923 1057 3014 producebant
1075 2920 1205 3008 gratiam
1219 2913 1254 2975 lt·

284 3031 404 3114 cetero,
423 3049 479 3096 seu
494 3043 671 3098 externam.
690 3029 742 3097 Sic
755 3049 786 3098 v.
798 3050 831 3115 g.
850 3052 909 3120 per
917 3030 1191 3096 circumcisionem
1206 3019 1255 3083 hv·

277 3151 342 3214 ,mo
359 3135 596 3218 aggregabatur
614 3135 736 3225 popuio
753 3137 835 3218 Dei3
861 3157 919 3226 per
933 3135 1138 3203 lustrationes
1159 3133 1176 3198 a
1195 3127 1255 3204 1⁶5⁰

187 3315 191 3322 ¹
285 3237 487 3328 praescriptas
502 3237 635 3308 Judaeus
656 3227 886 3330 purificabatur
904 3241 1081 3310 asorutbus
1097 3229 1252 3321 legalibus·

298 3367 301 3372 ·
332 3343 371 3435 99
392 3343 618 3412 Produeebant
643 3346 976 3432 gratiaminternam3
997 3369 1055 3414 seu
1072 3344 1186 3436 potitis,
1208 3348 1253 3396 00·

238 3473 246 3488 ·
287 3447 416 3513 easionc
432 3449 624 3535 receptionis
641 3453 846 3534 sacramenti,
859 3453 959 3538 gratia
976 3453 1099 3520 interna
1112 3437 1254 3518 concede·

325 3610 361 3672 tt>
376 3611 432 3661 th.
448 3613 474 3663 S.
491 3614 547 3679 Ltg.
563 3617 595 3665 ee
613 3619 736 3669 secreta.
752 3631 779 3669 n.
793 3621 837 3670 tta.
