2640 4150
494 218 539 234 -
563 179 627 250 llo
647 219 693 234 --

93 339 163 393 nus
175 336 289 408 omues
297 321 669 410 reseorporeasmaltem
679 321 823 412 modam
836 323 936 392 morlo
945 341 1082 412 negans·

100 447 176 496 cere
193 432 310 516 potest.
330 425 363 494 2.
380 427 421 492 Er
438 427 567 508 Genesi,
582 426 685 496 Adam·
697 429 852 502 omnibus
864 430 1083 522 animantibus
1205 455 1207 458 ·

94 543 174 622 ¹apta
198 544 230 599 et
245 529 374 620 propria
391 532 546 621 imposuit
568 534 714 614 nomina,
732 535 820 622 quod
838 538 992 628 supponit
1008 559 1082 626 pec·

99 639 217 708 lectam
242 658 355 707 eorum
380 640 547 720 notitiam;
567 661 665 728 porro
676 687 687 720 ,
706 639 733 706 si
751 640 924 708 animantia
934 642 1084 732 ‘perlecto

100 744 241 825 nouerit,
263 747 283 814 ,a
300 744 370 832 pari
386 745 446 838 alia
468 744 596 834 objecta
613 746 769 814 naturalis
784 747 921 814 ordinis.
939 785 983 805 -η
1000 747 1082 832 Qui·

101 851 242 919 busdam
258 851 398 939 exeeptis
410 874 419 918 z
433 852 474 918 Es
485 851 527 918 D.
539 853 664 920 Thema
680 853 706 935 (l
724 874 758 941 p.
770 874 804 942 q.
823 853 879 933 94,
895 861 956 921 art.
971 853 1003 936 3)
1017 875 1083 942 non

91 955 344 1044 ,cognocebatz
360 956 512 1030 lemnia
523 959 682 1048 cuiusque
690 959 808 1048 speeiei
817 959 999 1042 individum
1014 959 1086 1030 laaee

102 1066 192 1132 enim
218 1061 360 1150 cognitio
388 1065 545 1148 excedere
570 1064 699 1138 ,videtur
715 1065 923 1154 capacitatem
940 1067 1083 1136 hominis

17 1255 18 1266 2
101 1169 295 1248 naturalem,
313 1182 345 1238 et
366 1170 406 1239 ad
429 1170 661 1259 perfectionem
678 1170 927 1240 intellectualem
944 1193 1010 1240 non
1036 1186 1087 1244 est

101 1276 251 1346 absolute
265 1274 468 1368 neeessaria3
487 1277 520 1345 ἓ.
533 1277 641 1345 lutura
656 1297 705 1344 es
724 1275 829 1344 libero
851 1277 984 1346 arbitrio
1001 1299 1082 1366 pen·

102 1383 229 1462 ‹lentia3
260 1382 422 1469 siquidem
453 1383 551 1455 homo
581 1381 1087 1456 nullum'mediumaaturalem

103 1489 249 1580 possidet
264 1487 384 1583 liberas
400 1488 539 1557 aliorum
553 1487 840 1559 determinationes
854 1489 1084 1574 cognoscendi.

100 1593 315 1663 Probabiliter
326 1591 417 1684 juxta
426 1596 546 1664 Sunrez
555 1596 612 1680 (l),
623 1615 688 1663 non
703 1592 1037 1682 cognoscebattutura
1048 1613 1088 1664 ex

102 1701 214 1770 multis
230 1700 434 1772 naturalibus
450 1701 758 1790 causispendentia,
777 1721 852 1768 nam
865 1699 996 1768 illorum
1009 1720 1086 1788 eog-

102 1808 184 1876 uitio
202 1805 411 1895 capacitatem
428 1807 604 1876 humanam
622 1808 779 1876 excedere
794 1805 935 1874 videtur.

143 1911 183 1982 2⁰
197 1913 246 1981 lle
267 1912 487 2000 intelligentiis
503 1915 631 1982 creatis.
649 1951 696 1964 -
709 1915 756 1980 De
767 1912 920 1980 homine:
949 1930 1086 1998 eognos-

103 2020 198 2092 eebnt
214 2019 332 2088 animae
351 2039 421 2090 sure
437 2029 469 2088 et
484 2021 621 2089 aliorum
639 2017 839 2087 existentiam
855 2039 893 2088 ne
909 2019 1088 2108 proprieta-

104 2135 171 2210 tes3
196 2125 406 2212 cogitationes
429 2147 504 2199 suas
529 2133 638 2222 certo;
659 2125 799 2202 aliorum
818 2130 908 2204 vero,
928 2120 1088 2213 conjecta-

104 2233 186 2302 torie
201 2236 339 2314 tantum,
357 2253 415 2320 pes
429 2235 519 2320 signa
537 2241 569 2302 et
588 2231 877 2303 allectus-Cento
887 2230 1004 2301 animae
1019 2249 1088 2300 suae

19 2415 20 2436 i
105 2353 137 2409 et
151 2339 291 2406 aliorum
313 2339 513 2408 existentiam
530 2360 568 2409 ae
589 2339 821 2429 proprietates:
839 2335 1001 2424 siquidem
1017 2335 1089 2404 laceo

105 2444 217 2516 notitia
230 2433 396 2515 evidenter
408 2446 588 2515 humanum
602 2445 799 2513 intellectum
814 2440 950 2528 perlicit,
961 2453 993 2506 et
1004 2438 1087 2504 laeto

106 2560 233 2620 constat
250 2569 323 2616 eam
340 2571 405 2618 non
431 2547 587 2614 excedere
609 2543 682 2630 ejus
706 2539 1088 2631 capacitatem-Certo

106 2659 316 2746 cogitationes
328 2677 404 2722 suas
417 2677 426 2720 z
440 2653 502 2720 hoc
515 2650 647 2718 evidens
660 2643 1011 2732 esu—Conjeetatorte
1020 2657 1087 2746 tap-

22 2762 27 2823 l
106 2763 177 2830 tiam
197 2760 405 2848 cogitationes
431 2758 583 2826 aliorum.
602 2753 721 2821 Saltem
747 2747 996 2838 conjectatoriet
1025 2743 1090 2816 hae

106 2870 193 2938 enim
205 2869 355 2938 facultate
368 2865 506 2933 donatur
523 2863 622 2928 lromo
636 2861 669 2928 in
680 2872 768 2928 statu
779 2855 908 2935 actuali,
926 2859 945 2946 ia
962 2854 1088 2926 fortiori

107 2975 338 3056 ldam;-nou
356 2979 466 3060 cutm
484 2969 611 3036 nullum
628 2981 678 3035 est
695 2967 782 3034 euim
799 2962 922 3032 homini
944 2964 1089 3033 medium

102 3101 176 3168 ,quo
195 3081 236 3147 ad
254 3079 338 3146 hano
352 3077 501 3143 notitiam
514 3075 683 3163 pervenire
697 3073 810 3162 possit.

151 3185 202 3254 De
216 3183 368 3270 Angelis:
385 3181 514 3250 Certum
531 3195 579 3248 est
597 3180 697 3247 Adam
714 3199 827 3247 eorum
844 3177 1089 3267 possibilitatem

108 3283 319 3380 cognovisse3
341 3287 542 3379 probabilius
559 3307 674 3356 eorum
691 3283 891 3353 existentiam
908 3283 1086 3370 ignorasse.

144 3525 180 3592 (t)
193 3525 299 3590 suarez,
313 3525 345 3578 tle
357 3535 437 3588 opere
449 3522 574 3576 secutae.
588 3519 607 3570 t.
619 3519 648 3578 3,
660 3531 685 3570 e.
700 3517 726 3578 9,
742 3529 769 3568 n.
787 3515 828 3568 tt.
