2640 4150
633 379 836 448 ..tog-

293 523 440 614 Exceptis
458 520 489 588 i.
504 519 720 610 experientia:
739 519 872 603 etenim,
885 526 993 588 statim
1010 527 1078 608 port
1091 513 1218 584 creatio·

249 651 339 710 nem,
353 629 453 696 tuam
466 625 638 716 perlectam
650 625 799 694 derebus
811 619 1218 714 experimentalibusscien-
1266 662 1272 676 ·

249 737 327 805 tiam
344 734 479 812 habuit;
496 753 596 821 porro
616 732 762 800 nonditm
780 732 917 820 experiri
946 736 1101 822 potuerat.
1124 725 1217 813 Enpe-

252 843 379 913 rlentiae
399 838 571 928 supplebat
599 837 741 924 cognitio
765 837 953 906 immediate
974 844 994 904 d
1018 837 1087 904 Deo
1102 831 1216 900 inlusa:

251 969 339 1026 nam,
356 946 490 1014 sublatis
505 944 699 1034 experientit
713 957 744 1012 et
764 945 949 1012 testimonio
966 943 1144 1020 hominum,
1160 937 1216 1036 alia

252 1073 350 1122 cauta
372 1051 515 1121 scientite
534 1049 794 1139 experimentaiis
811 1049 966 1136 assignari
979 1071 1044 1118 non
1062 1054 1173 1139 potest.
1188 1043 1219 1111 l.

252 1157 452 1228 Testimonio
468 1155 659 1224 hominum:
675 1155 837 1244 siquidem
855 1170 973 1246 praeter
987 1157 1143 1224 ddamum
1161 1148 1223 1217 'nul-

251 1266 303 1334 lus
315 1259 471 1332 existebat
483 1261 595 1328 homo.
616 1259 816 1329 Testimonio
833 1259 978 1330 humano
996 1256 1163 1350 supplebat
1172 1267 1223 1321 tes·
1282 1287 1285 1294 ·

254 1366 426 1436 timonium
442 1364 601 1444 divinum,
621 1385 680 1431 seu
696 1363 779 1430 aetio
796 1363 983 1432 immediata
1005 1364 1082 1432 Dei:
1104 1379 1175 1430 nam
1196 1354 1225 1422 in

254 1479 341 1543 statu
359 1469 522 1560 praesenti,
548 1469 768 1556 intelligentiae
791 1469 944 1538 humente
960 1470 1098 1539 evolutio
1113 1467 1229 1551 absque

252 1575 364 1648 sociali
389 1577 596 1656 educatione,
617 1573 708 1664 juxta
734 1575 1117 1666 omnes,perdii1ioilis;
1140 1570 1229 1657 juxto

254 1685 389 1764 multos,
404 1682 551 1750 obsolute
568 1681 790 1770 impossibilis.
809 1683 904 1768 Ergo,
922 1688 996 1750 citm
1019 1677 1164 1748 educatio
1178 1691 1229 1740 so·

255 1788 346 1858 ciniis
368 1801 453 1856 asset
470 1787 688 1876 protoparenti
701 1788 923 1876 impossibilis,
942 1785 1157 1856 accessorium
1172 1779 1233 1852 tuit

257 1909 294 1964 ut
309 1895 398 1962 Deus
408 1891 479 1982 ejus
492 1893 632 1960 defectui
644 1893 809 1982 suppleret
824 1895 982 1961 Adamana
999 1890 1166 1962 educando
1181 1893 1233 1954 aut

182 2069 183 2074 ,
258 2023 317 2092 per
342 2000 490 2080 verbum,
516 2012 571 2068 aut
590 2019 648 2092 per
671 1999 835 2090 ‚actionem
863 2001 1083 2070 immediatam
1108 1997 1232 2068 eosdem

266 2106 398 2176 effectus
415 2107 663 2194 producentem.
752 2183 755 2188 ¹
1016 2115 1020 2120 “
1189 2112 1194 2120 “
1249 2117 1252 2126 ·

302 2214 448 2303 Exceptis
475 2210 671 2302 experientit
701 2225 733 2280 et
760 2212 1112 2294 testimonio,'eadem
1132 2207 1230 2279 media

257 2333 348 2390 erent
362 2321 506 2388 ddomo:
524 2341 600 2388 nant
620 2321 821 2406 cognitiones
843 2321 957 2390 ddami
978 2321 1127 2414 ejusdem
1147 2325 1237 2386 oront

257 2425 377 2516 speciei
391 2446 429 2491 ao
444 2425 645 2512 cognitiones
657 2427 854 2496 lrumanae'iu
871 2434 954 2495 statu
971 2429 1104 2497 actuali.
1120 2426 1232 2494 Eadem

259 2549 338 2617 ergo
353 2529 393 2596 ad
405 2539 516 2619 earum
533 2532 778 2620 acquisitionem
801 2529 906 2602 media
922 2534 1126 2605 admittendo
1150 2539 1233 2610 sunt,

258 2637 321 2707 nisi
333 2636 751 2728 probeturcitcumstatttias
764 2640 852 2708 aliud
865 2641 1009 2709 medinm
1021 2639 1234 2733 requisivisset
1280 2653 1286 2660 ·

259 2745 348 2836 quod
364 2745 496 2834 probari
511 2768 576 2813 non
590 2756 708 2835 potest.
927 2819 928 2822 ,

295 2853 364 2944 ffl-
382 2853 607 2941 Proprietatcs.
623 2884 670 2906 -·
688 2853 844 2938 Qtttcttunt
866 2853 991 2943 suerint
1017 2849 1235 2941 proprietates

260 2959 401 3025 scientior
414 2959 556 3026 Artemi?
668 2957 672 2964 '
950 2963 953 2968 ’
1176 2991 1198 3052 '.

277 3077 281 3084 '
307 3063 403 3149 noso.
421 3065 560 3134 Scientia
576 3067 775 3136 Adurni-'erat
791 3067 889 3148 clara,
908 3073 1007 3148 certa,
1032 3063 1123 3160 nullo
1145 3061 1239 3132 modo

262 3169 470 3256 retrogradis,
485 3173 627 3261 quodum
645 3173 743 3241 modo
754 3173 1127 3264 progressiva-Clara,
1140 3175 1237 3246 certa,

262 3273 354 3342 nullo
366 3276 464 3368 modo
478 3281 685 3367 retrogradis,
697 3303 756 3370 seu
764 3282 1002 3350 inamissibilis:
1017 3281 1150 3350 scientia
1163 3277 1241 3345 Ada-

262 3382 393 3451 tulerat
417 3384 578 3478 perlectap
604 3385 714 3477 porro,
734 3389 858 3457 caeterls
873 3389 1027 3478 poribus,
1047 3385 1181 3456 seientia
1205 3401 1240 3448 eo

232 3543 243 3559 .
264 3491 313 3560 e'st
325 3489 579 3581 perfectiorque
588 3493 717 3576 clarior,
731 3497 849 3564 certior
858 3509 890 3562 et
902 3495 1056 3562 oblivioni
1070 3495 1180 3586 minus
1192 3486 1242 3556 ob·

263 3599 371 3666 noxio.
388 3632 436 3652 -·
452 3597 710 3682 Quodammodo
721 3603 952 3690 progressiva:
983 3600 1116 3670 scientia
1129 3589 1242 3687 'Adaml

265 3703 422 3788 potuisset
433 3721 578 3773 creseere
594 3707 701 3793 quottd
718 3727 891 3776 numerum
915 3707 1158 3776 individuorum
1175 3714 1244 3792 quae
