2732 4038
521 290 566 306 -
589 255 725 322 ὄὸῚ--ι

132 395 278 468 nectem
298 413 386 478 rora,
404 417 621 486 quoecumque
637 399 689 466 sit.
703 396 788 466 >Nora
803 397 835 464 i.
853 397 995 486 receptio
1012 401 1122 466 decre·

136 505 236 572 menti
254 512 303 571 est
318 514 408 572 actus
424 507 609 586 humanus,
632 505 770 594 proinde
789 505 886 590 erigit
907 505 1126 576 intentionem

132 615 222 682 cetui
239 611 387 678 socienda
399 611 615 679 oooiormem.
634 613 668 680 9.
682 613 771 680 Deus
786 631 851 679 non
871 611 1118 695 vuitiromioem

132 715 269 784 rationis
284 725 469 806 compotem
484 717 736 797 souotitieori,
704 739 765 784 orn
756 717 867 785 'uelit
881 707 915 784 5.
933 717 982 784 De
997 737 1119 806 propo·

133 821 252 890 uitione
268 831 378 891 nostra
387 825 600 892 consentiunt
606 844 734 892 omnes.

130 929 278 997 Nota
297 931 363 1014 Qui
383 931 424 996 ad
446 930 677 998 Eucharistinm
693 928 863 998 accederet
877 928 1027 1017 ubsque
1017 939 1121 996 rotem

133 1035 479 1103 tione-soommentum
504 1035 702 1126 reeipiendi,
726 1035 856 1106 realiter
879 1036 1012 1122 quidem
1032 1055 1119 1103 com

134 1142 314 1210 mucieoret
328 1144 457 1232 corpori
474 1157 506 1209 et
525 1143 674 1228 sanguini
686 1141 821 1224 Christi,
839 1162 906 1208 uon
922 1143 1000 1210 vero
1020 1141 1119 1231 perti·
1139 1166 1142 1171 ·

136 1251 258 1340 ciperet
274 1249 408 1318 effectus
422 1247 628 1318 sacramenti.

179 1353 225 1420 dd
237 1354 308 1436 2⁹¹³,
330 1353 468 1422 seilicet·
488 1353 604 1437 Qeatr'r
618 1351 811 1440 requiratur
829 1349 965 1420 intentio
984 1348 1020 1463 ite
1041 1345 1122 1466 aad·

125 1458 240 1545 decta?
885 1493 888 1498 ·

175 1568 275 1650 Hesp.
293 1564 392 1632 iirec
384 1566 526 1632 intentio
535 1564 633 1631 debet
642 1583 735 1632 esse.
828 1583 830 1586 ·

178 1669 214 1736 1⁰
231 1670 336 1750 Seria,
360 1691 419 1736 nee
432 1669 598 1738 sufficeret
617 1671 752 1737 intentio
767 1666 915 1738 ludendi.

179 1775 218 1844 9ο
229 1777 375 1854 interna,
391 1798 452 1844 nee
467 1775 629 1868 sufficeret
644 1777 780 1864 intentio
792 1772 1007 1864 participandi
1018 1791 1117 1846 erere,-

133 1883 255 1951 moniee
276 1890 366 1950 mere
389 1896 542 1951 externae.
561 1883 630 1952 Non
654 1881 832 1970 requiritur
851 1893 962 1950 autem
979 1878 1134 1948 intentio

128 1987 277 2091 explicita
295 1979 473 2076 recipiendi
485 1997 737 2070 sacromentum,
756 1987 896 2056 effeetus
902 1997 1115 2054 sacramenta·

126 2081 187 2176 ies,
210 2093 423 2184 participandi
451 2096 655 2164 eaeremoniae
677 2097 710 2163 in
727 2093 871 2164 Ecclesia
892 2095 1038 2162 Romane
1053 2090 1117 2160 usi-

126 2208 214 2268 rarae
228 2199 330 2282 Quod
345 2207 430 2286 pretet
440 2219 478 2266 ex
490 2199 649 2266 dictisubi
661 2201 702 2264 de
716 2199 866 2268 Ministro
878 2196 1111 2266 sacramenti

173 2305 210 2370 5⁰
227 2305 386 2384 ocreatis,
404 2312 460 2371 aut
475 2305 592 2374 saltem
606 2305 759 2371 virtualis
775 2305 809 2372 in
821 2305 1024 2388 Paenitentia,
1044 2297 1117 2374 Me.

127 2410 475 2478 trimonioettirdine.

170 2519 207 2583 ln
226 2515 416 2585 Paenitentia
435 2530 470 2587 et
485 2514 688 2589 Matrimonia
704 2512 719 2581 ι’
741 2513 826 2598 Quin
842 2513 977 2582 motoria
993 2514 1113 2586 horum

125 2636 405 2696 succrementorum
422 2635 470 2692 est
482 2634 572 2690 ectus
589 2613 742 2708 subjecti,
757 2639 822 2687 non
839 2615 1108 2710 suffieitproinde

124 2727 276 2796 voluntas
293 2714 482 2796 habitualis,
1100 2818 1102 2826 Ι

171 2838 209 2905 ln
231 2837 378 2904 Ordine:
397 2836 483 2924 quie,
503 2834 577 2902 ciem
594 2837 737 2924 receptio
754 2825 878 2902 ordinis
890 2824 1017 2920 graves,
1036 2857 1111 2926 spe·

33 3001 43 3014 .
127 2940 227 3010 cinles
243 2955 275 3008 et
296 2941 442 3026 difficiles
458 2942 609 3029 importet
623 2927 851 3028 obligationes,
869 2961 968 3006 nemo
994 2932 1108 3011 cense-

125 3061 181 3114 tur
195 3047 276 3115 reite
290 3049 438 3115 ordinem
456 3048 636 3134 suscipere,
653 3047 715 3114 uisi
733 3049 773 3115 de
790 3045 888 3134 hujus
901 3049 1110 3138 susceptione

122 3153 508 3242 aliquunddvolontotem
522 3153 703 3241 explicitam
717 3153 879 3223 hebuerit.
892 3191 935 3202 -
945 3153 1108 3226 Dicimus:

122 3263 303 3347 aliquande
313 3261 508 3328 uoluntatem
522 3258 702 3348 explicitam
715 3257 1012 3338 hoizueritsSuffieit
1022 3265 1109 3344 enim

121 3363 321 3438 voluntatem
334 3367 530 3456 suscipiendi
544 3368 701 3448 Ordinem
715 3369 891 3456 aliquando
907 3369 1006 3444 inisse
1017 3370 1110 3438 habi-

121 3485 189 3542 tam
202 3496 262 3542 nec
278 3481 493 3554 retractatam,
506 3488 542 3541 ut
557 3476 667 3543 videre
680 3489 729 3544 est
749 3477 885 3566 epudS.
904 3477 972 3576 ug.
991 3477 1031 3544 de
1049 3477 1118 3546 Sa·

120 3601 233 3650 arom
249 3603 283 3647 n.
285 3581 355 3650 et·
348 3581 509 3669 ,proinde
524 3602 599 3668 ergo
613 3581 693 3650 iliud
712 3597 950 3656 sacromentum
968 3583 1105 3651 intentio

1080 1560 1174 1626 ..ri
