2708 4122
621 391 755 462 ..³³³
778 429 822 444 ..
1304 288 1314 476 Β

280 535 410 604 Certum
436 545 484 604 rst
488 531 536 604 l⁰
561 535 698 624 gratiam
726 531 1006 624 supernaturalem
1031 533 1153 621 requiri
1177 533 1219 604 ad
1307 445 1314 575 Β

232 635 480 710 assentiendum
506 639 696 708 lidebiriae
713 645 745 706 et
765 633 1004 726 supernaturali
1027 637 1216 708 veritatibus

234 743 396 828 revelatis,
415 753 448 814 et
469 745 510 814 ael
526 743 750 816 ¹observantias
773 763 887 812 omnes
914 743 1003 828 leges
1025 734 1147 812 ordinis
1163 765 1219 812 su·
1313 785 1314 794 ι

233 849 460 946 pematuralis,
473 852 514 920 ad
527 851 745 928 observandas
757 849 845 936 leges
861 850 1025 920 naturales
1045 851 1145 918 moda
1165 873 1219 920 su·
1314 842 1315 884 Β

234 957 432 1050 pernatamli
457 969 490 1027 et
508 957 637 1030 vitanda
660 969 791 1048 peecata
807 953 1040 1046 bispraeeeptis
1059 959 1217 1046 opposita.

235 1065 404 1169 ¹Siquidem
421 1063 495 1133 tinia
521 1065 775 1156 supernaturalis
786 1083 853 1130 nan
869 1070 973 1154 petest
990 1061 1129 1132 obtineri
1144 1065 1217 1132 abs·

237 1193 302 1262 que
321 1171 606 1262 auxibe·ejasdem
622 1169 758 1240 ordinis.

283 1277 411 1346 Certum
423 1287 473 1344 est
488 1277 673 1366 segetiam
691 1273 871 1342 naturalem
898 1273 930 1340 in
949 1293 987 1340 se
1002 1273 1154 1346 sufficere
1173 1271 1214 1342 aa

235 1384 471 1454 observandam
482 1383 588 1469 legem
601 1381 794 1462 naturalem,
814 1395 845 1448 et
862 1379 987 1447 vitanda
997 1394 1133 1469 peecata
1145 1381 1221 1450 buia

233 1491 298 1582 legi
311 1492 470 1586 opposita,
489 1489 632 1560 sibama
657 1511 723 1556 non
748 1488 860 1556 suisset
882 1487 1024 1556 elevatus
1041 1489 1082 1555 ad
1100 1501 1222 1558 statum

233 1595 526 1694 supernaturalem
540 1594 643 1666 Finis
648 1597 734 1666 enim
747 1593 902 1668 naturalis
915 1615 980 1674 aen
997 1595 1095 1682 exigit
1112 1599 1222 1668 media

234 1705 509 1798 supernaturalia.

283 1812 539 1884 Controvertitur
555 1817 663 1880 autem
678 1813 790 1878 unum
803 1807 904 1894 gratia
915 1805 1069 1874 naturalis
1083 1753 1223 1878 suilieiat

235 1916 277 1984 ad
293 1914 528 1985 observandam
537 1913 648 1980 deum
660 1911 759 1979 mede
781 1909 887 1997 legem
904 1909 1097 1992 naturalem,
1117 1913 1222 2002 positt

234 2021 416 2089 elevatione
432 2017 574 2086 bominis
591 2017 632 2084 ad
649 2024 766 2084 statum
783 2016 1079 2107 supernaturalem.

281 2123 424 2208 Quidam
440 2133 572 2208 negant.
586 2118 690 2204 uun,
705 2123 809 2211 posita
832 2123 1010 2192 elevatione
1031 2123 1072 2190 au
1098 2133 1212 2195 statum

233 2228 526 2320 supernatumlem,
541 2225 641 2294 homo
652 2225 749 2297 debet
760 2247 874 2297 omnes
886 2242 976 2298 aetus
989 2247 1066 2296 suos
1080 2233 1122 2298 au
1132 2231 1208 2298 buna

233 2337 335 2405 tinem
350 2333 503 2424 dirigere,
522 2355 562 2404 ae
577 2335 714 2426 proinde
729 2335 835 2423 legem
850 2337 948 2408 etiam
975 2335 1159 2404 naturalem
1178 2355 1214 2405 ex

233 2440 354 2510 motivo
370 2441 607 2531 supernaturali
623 2437 808 2527 observare,
834 2441 923 2530 quod
934 2441 1007 2513 lieri
1031 2464 1098 2510 non
1114 2455 1219 2534 potest

146 2561 148 2570 ’
203 2614 212 2636 ,
238 2548 364 2640 absque
381 2549 484 2636 gratia
500 2549 751 2671 supernaturali.

237 2657 338 2726 lilii
350 2663 428 2726 uere
443 2656 650 2725 eommuni'as
666 2669 698 2724 et
710 2652 914 2746 probabilitas
930 2654 1104 2725 affirmant.
1119 2657 1220 2746 liqui·

235 2763 354 2846 dem,'
344 2762 509 2853 nquinat,
525 2783 554 2832 aa
541 2759 908 2858 tinissupematuralis
924 2763 1147 2832 essetlmmini
1163 2785 1222 2834 ne·
1315 2779 1318 2808 ⁴

233 2870 409 2952 eessarius,
431 2869 532 2937 boma
554 2889 691 2960 semper
706 2881 738 2938 et
768 2859 804 2938 in
827 2869 981 2938 erunibus
1007 2868 1135 2938 actibus
1151 2871 1221 2940 suia

107 2971 117 2985 '
232 2973 275 3042 sd
291 2975 381 3043 hune
397 2974 496 3054 finem
512 2976 646 3044 tendere
664 2973 811 3044 deberet.
836 2975 917 3044 tium
938 2988 1047 3044 autem
1069 2975 1146 3047 finis
1162 2999 1223 3047 su·

234 3085 447 3174 pernaturalis
467 3085 507 3154 sit
524 3083 697 3172 gratuitus,
716 3085 805 3154 Deus
824 3096 929 3174 petest
944 3083 1037 3174 illum
1050 3085 1222 3174 assignare

232 3188 370 3270 bomini,
389 3191 467 3278 quin
481 3191 585 3280 exigat
596 3199 633 3258 ut
652 3190 752 3258 bomo
768 3197 928 3282 perpetuu
943 3190 985 3258 ad
1008 3191 1097 3260 hune
1113 3191 1217 3261 tinem

233 3293 523 3383 tendataproinde,
540 3299 610 3368 lieo
634 3297 676 3368 iu
695 3298 925 3390 permittente,
955 3310 1047 3366 aetus
1072 3285 1219 3370 hominia

232 3391 1219 3496 pessuntessebani,quamvis·tierentexmotivobonamerei

226 3507 383 3581 naturali.
402 3509 501 3578 l‘orrn
530 3510 564 3578 id
588 3509 734 3600 permisit
752 3509 859 3592 Deum
874 3509 1020 3600 alioquin
1037 3511 1216 3578 (licendum

232 3615 316 3691 toret
338 3612 369 3683 l.
387 3627 495 3684 aetum
511 3616 635 3689 benum
648 3615 757 3706 quaed
770 3615 937 3706 objectum
953 3629 985 3686 et
1000 3619 1215 3692 eireumstan·
1317 3681 1318 3688 ,

232 3719 292 3784 tias
304 3739 375 3786 esse
386 3721 522 3802 malum,
535 3723 611 3810 quia
622 3723 658 3814 tit
670 3740 709 3794 ex
724 3723 841 3794 intuitu
850 3723 930 3795 boni
942 3732 1031 3795 mere
1044 3725 1212 3806 naturalis,
1316 3697 1318 3756 Β
