2710 4116
528 261 572 276 ·-
597 218 658 294 ’931
686 265 729 276 -

131 361 461 450 Ergorejieiendaest
485 365 645 451 separatio
658 377 847 432 naturarum
865 371 898 432 et
917 365 1115 440 admittenda

131 490 249 538 aarum
275 469 371 548 unio,
402 468 428 535 si
454 467 571 535 Christi
599 469 771 536 maritaret
801 467 973 538 satisfactio
995 470 1123 542 tuerint*

131 574 284 655 infinita3
303 593 400 663 porro
418 575 613 642 hoacoustat
624 597 662 644 ex
679 577 913 647 fideEoclesiae.

182 681 219 746 5⁰
236 683 269 748 Si
285 681 469 750 humanitas
489 694 574 750 esset
596 683 628 748 in
646 681 772 748 Christo
797 697 941 772 separata
958 691 977 750 a
994 684 1115 758 Dirini·
1230 764 1232 766 ¹

135 801 212 868 tate,
228 787 372 854 Christus
385 796 420 854 ut
430 787 528 854 homo
542 809 606 854 non
623 801 707 882 esset
719 791 919 871 adorandus,
933 791 1013 857 nihil
1029 793 1119 860 enim

134 895 340 963 morandum
363 895 469 961 inesse
486 902 589 982 potest
605 895 638 960 in
656 885 744 962 meri
769 902 928 964 creatura.
947 899 1029 984 Ergo
1046 895 1118 985 retia

135 999 252 1086 cienda
272 1013 320 1066 est
345 1002 504 1088 separatio
521 1009 722 1084 naturarum,
739 1014 770 1068 et
790 1003 988 1070 admittenda
1003 1025 1119 1072 earum

137 1107 230 1186 uuio,
249 1107 274 1176 si
289 1105 434 1174 Christus
452 1118 487 1173 ut
499 1107 598 1173 horno
611 1107 650 1174 sit
666 1108 869 1188 adorandus;
887 1109 979 1196 atqui
992 1129 1061 1183 rem
1072 1109 1118 1176 tu

136 1233 263 1280 esseex
284 1213 428 1284 dicendis
439 1214 610 1280 corrorabit.

181 1321 258 1388 dost
271 1322 455 1392 humanitas
465 1322 497 1388 in
507 1322 635 1390 Christo
648 1321 849 1393 aDiriaitate
860 1335 946 1388 esset
958 1334 1116 1411 separata,

133 1425 173 1492 B.
192 1425 288 1509 Virgo
304 1425 377 1511 puri
387 1425 527 1491 hominis
538 1437 622 1497 esset
635 1437 748 1504 mator,
768 1424 905 1513 proinde
926 1445 991 1491 oon
1009 1436 1120 1512 posset
1179 1502 1180 1508 ἵ
1211 1463 1213 1469 ,

134 1530 397 1619 appellariMater
414 1529 486 1603 Dei.
503 1532 716 1614 Ergonetura
727 1531 834 1598 divino
850 1543 881 1598 et
894 1530 1036 1596 humana
1049 1551 1116 1602 non

135 1650 211 1706 sunt
227 1649 382 1724 separatae
403 1637 460 1702 sed
485 1637 595 1722 unitae,
623 1637 650 1702 si
674 1637 710 1702 Β.
739 1637 835 1722 Virgo
861 1636 961 1724 possit
982 1643 1058 1703 vere
1086 1646 1138 1702 et·

134 1743 267 1834 proprie
283 1742 347 1826 dici
363 1743 462 1809 Mater
472 1742 530 1811 Dei
542 1765 552 1824 ;
564 1743 746 1832 porrohaeo
756 1742 932 1832 propositio
949 1740 1030 1810 inira
1048 1761 1119 1830 pro·
1226 1749 1229 1752 '

134 1851 308 1921 habitur.¹
952 1915 971 1919 a.
1052 1909 1055 1912 .

179 1957 218 2022 2²
231 1977 269 2041 p.
288 1955 417 2023 Naturae
433 1953 537 2022 diuina
561 1955 747 2042 etirumana.
762 1955 919 2024 uniuntur
931 1956 966 2024 io
974 1959 1119 2042 persono

133 2063 269 2130 divitari:
363 2097 367 2103 ι
814 2081 815 2086 ’

180 2170 243 2234 Pr.
261 2166 465 2236 admittenda
483 2179 531 2235 est
545 2167 615 2234 haec
631 2169 722 2248 unio,¹
736 2169 835 2236 sinon
848 2181 1005 2256 repugnet
1017 2168 1049 2234 in
1066 2189 1116 2248 se,

136 2288 169 2343 et
184 2273 316 2349 aliunde
342 2274 455 2341 reddat
472 2273 605 2361 solaque
622 2273 736 2341 reddat
751 2275 909 2342 rationem
934 2274 1118 2340 admissibi-

139 2379 205 2446 lein
220 2381 390 2448 veritatum
408 2381 439 2454 in
467 2380 661 2466 praecedenti
686 2379 865 2464 quaestione
885 2377 1115 2465 expositarum.

138 2485 258 2573 Atqui,
885 2551 889 2558 ,
1185 2479 1187 2482 ’

186 2594 222 2658 1⁰
246 2587 315 2662 Non
332 2603 490 2682 repugnat
512 2591 546 2674 sin
563 2610 611 2670 se,
629 2589 717 2676 quod
742 2607 780 2656 ex
805 2587 949 2655 dicendis
968 2588 1000 2657 in
1024 2585 1118 2652 tertia

132 2700 508 2792 probationeeonstabit.
625 2759 678 2766 ,,
1023 2708 1053 2760 ·.

181 2809 221 2876 2⁰
247 2811 362 2880 Reddit
390 2808 548 2874 rationem
571 2807 741 2874 veritatum
759 2805 855 2892 supra
876 2803 1116 2892 expositorum:

182 2916 290 2982 Posito
305 2917 390 2996 enirn
409 2915 528 2982 unione
553 2913 763 3002 hypostatica,
783 2911 959 3000 explicatur
983 2912 1014 2977 i.
1029 2908 1120 2975 attri-

133 3023 230 3092 butio
248 3023 303 3088 uni
322 3021 448 3088 Christo
465 3029 588 3088 naturae
609 3021 725 3087 divinae
743 3032 774 3086 et
790 3018 955 3098 humanae,
974 3016 1120 3107 proprie·

133 3139 240 3198 tatum
255 3128 487 3213 actionumque
509 3129 690 3193 divinarum
717 3134 749 3192 et
775 3124 1006 3194 humanarum.
1030 3125 1122 3192 Sicut

134 3235 226 3304 enim
244 3237 285 3302 de
303 3237 399 3302 unica
422 3235 562 3300 hominis
579 3235 716 3321 persona
736 3229 939 3298 affirmantur
953 3233 1063 3300 anima
1089 3239 1121 3297 et

135 3362 279 3430 eorpus,
308 3341 520 3429 proprietates
549 3337 757 3424 actionesque
782 3337 965 3423 spirituales
992 3349 1024 3404 et
1046 3355 1119 3402 cor·

134 3467 261 3538 porea,
289 3448 365 3536 quia
392 3447 498 3512 animo
524 3457 556 3512 et
578 3464 695 3531 eorpus
722 3443 755 3508 in
773 3441 904 3509 {romine
921 3439 1120 3528 hypostatice

135 3555 320 3634 uniuntur3
334 3555 377 3622 ita
387 3553 428 3620 de
438 3552 530 3620 unitae
544 3554 681 3640 persona
696 3549 812 3618 Christi
822 3547 975 3618 affirmari
985 3560 1120 3636 possunt
