2640 4150
604 407 647 420 -
674 371 740 440 158
761 407 804 422 -

265 507 424 598 Explicuit
438 509 550 596 prime
582 509 806 599 propositione·
823 505 878 592 lde
901 505 1075 598 privilegiis
1100 521 1205 586 status

220 615 414 684 innocentiae
423 613 544 682 ldamo
561 617 749 696 concessis),
761 614 960 703 explicandae
982 631 1200 690 suntsacnnos

220 731 253 792 et
276 745 379 792 aenan
395 724 437 791 dc
457 720 696 792 conditionibus
718 721 969 790 conservationis
982 737 1038 792 sut
1057 727 1199 795 emissio·

219 827 270 897 nia
290 834 391 898 status
418 828 622 898 innocentiae.
644 865 689 878 -··-
709 827 758 894 De
779 827 832 894 liis
847 840 987 916 quatuor
1002 831 1198 920 questiones

175 933 183 948 ’
218 943 412 1023 sequentes:

264 1041 389 1126 Quoest.
406 1039 452 1106 l·.
469 1039 581 1106 Utrum
592 1039 699 1106 Attum
714 1038 749 1107 in
762 1039 875 1126 pomo
890 1040 1065 1109 tentatione
1077 1043 1198 1131 fidelis,

216 1147 332 1214 detecta
346 1147 380 1214 itt
394 1146 504 1232 pratici
515 1147 747 1235 sanctificante,
763 1165 803 1211 ec
818 1158 1050 1234 consequentes·
1065 1149 1099 1218 in
1112 1159 1198 1217 stetu

215 1253 405 1320 innocentie
420 1251 611 1340 confirmari
625 1251 808 1319 debuisset?
837 1290 847 1304 ·

262 1359 359 1444 Resp.
379 1351 522 1442 Quidem
534 1357 731 1451 respondent
743 1355 945 1425 affirmative.

187 1519 191 1529 .
242 1489 243 1496 ¹
263 1457 473 1543 communior
485 1475 593 1532 tomen
604 1476 635 1530 et
649 1463 849 1552 probabilior
858 1476 905 1531 cst
916 1463 1024 1552 oplnio
1040 1463 1201 1550 negativa.

217 1563 321 1636 llomo
333 1569 365 1636 in
382 1569 482 1654 gestit
499 1565 684 1635 confirmari
700 1575 805 1658 potest
819 1567 1071 1657 duplicitontitm
1088 1575 1202 1651 cause,

216 1671 336 1740 scilicet
345 1672 468 1740 visione
479 1671 636 1751 intuitivl,
649 1684 681 1758 et
691 1670 810 1740 auxilio
819 1670 960 1760 speciali.
973 1671 1072 1736 Porro
1083 1687 1203 1756 quam·

216 1777 263 1846 vis
277 1778 379 1846 Adam
393 1778 521 1846 vicisset
534 1778 671 1866 primam
688 1779 907 1857 tentationem,
925 1773 985 1864 ipsi
1000 1785 1109 1842 tamen
1133 1795 1203 1846 non

215 1883 330 1951 luisset
350 1892 457 1952 statim
485 1904 636 1952 concessa
653 1884 732 1951 visio
760 1883 920 1951 intuitivo.
946 1879 1086 1948 Aliunde
1111 1881 1205 1950 nulle

217 1989 340 2055 satione
362 1989 493 2082 probari
517 2001 624 2080 potest
647 1989 802 2056 auxilium
830 1985 970 2078 speciale
1000 1986 1062 2075 ipsi
1087 2007 1206 2056 conce·

215 2093 361 2159 tiendum
378 2092 465 2161 loce.

261 2201 386 2286 Quaeat.
404 2200 453 2266 Ψ.
475 2200 585 2266 Utresn
601 2201 636 2267 in
648 2197 818 2286 hypothesi
837 2199 1007 2286 predicto,
1032 2196 1112 2264 Aen
1123 2215 1203 2284 μοιἑ

215 2307 279 2372 tari
290 2307 325 2372 in
338 2317 426 2373 stote
436 2308 627 2374 innocentie
642 2308 713 2374 neti
722 2325 761 2372 oe
773 2308 956 2396 confirmati
968 2305 1131 2392 fuissent?

263 2410 564 2495 usupationis
580 2412 685 2501 primu
693 2410 868 2478 tentatione
879 2409 984 2476 tidelis
994 2408 1200 2499 perstitisset,

213 2511 284 2601 ejus
299 2513 418 2601 posteri
443 2517 508 2582 nati
529 2515 664 2584 inissent
680 2537 754 2583 cum
779 2513 953 2604 privilegiis
974 2519 1075 2583 status
1099 2511 1198 2578 iono-

213 2619 340 2700 oan‘tiae,
358 2619 495 2688 exclusis
512 2633 619 2689 tamen
640 2621 734 2688 donis
754 2621 876 2687 lelanto
898 2620 1143 2710 personalibus3
1167 2617 1204 2688 ic

215 2723 277 2792 hoc
294 2726 369 2792 vero
385 2737 469 2792 statu
483 2725 667 2793 confirmati
692 2723 922 2792 coaluissent.
956 2753 961 2760 ⁴

257 2831 358 2897 Prot.
383 2833 453 2900 Nati
476 2831 612 2900 luissent
637 2851 713 2898 cum
740 2830 974 2919 priuilegiist..:
997 2831 1077 2898 Nam
1105 2827 1138 2894 l.
1163 2847 1205 2896 ex

213 2937 362 3004 omnium
374 2957 548 3019 consensu,
567 2943 667 3006 stntns
679 2936 870 3005 innocentie
883 2935 967 3004 bone
980 2935 1068 3002 omni
1084 2934 1206 3018 genosi

106 3100 111 3111 s
216 3041 360 3108 humano
372 3043 405 3108 in
417 3043 530 3110 Adami
547 3048 685 3132 persona
699 3062 851 3110 concessa
868 3043 1007 3111 luceant.
1026 3041 1062 3107 2.
1076 3037 1203 3110 nome

217 3155 383 3234 peccante,
395 3150 656 3218 nnattauhumanu
667 3155 767 3218 status
780 3149 973 3218 innocentius
983 3147 1069 3215 dona
1079 3144 1201 3224 omisit,

208 3271 293 3338 engo
310 3259 452 3335 econtra,
466 3255 589 3322 Ademo
605 3277 670 3324 non
688 3263 856 3344 peccante,
873 3274 988 3323 ornatos
1001 3253 1034 3322 in
1048 3263 1134 3322 stetu
1157 3250 1204 3320 ie·

134 3382 138 3390 ·
210 3357 371 3424 nocentiae
389 3358 456 3425 neti
471 3361 667 3428 luissent-
679 3361 822 3429 Exclusis
833 3360 929 3427 donis
949 3359 1073 3428 Ademo
1092 3376 1201 3445 perso·
1314 3435 1315 3442 p

213 3460 364 3530 nulibus:
383 3462 545 3552 siquidem
567 3465 627 3532 soli
644 3465 778 3545 Ademo,
797 3465 840 3532 ob
857 3464 998 3534 rationes
1024 3459 1200 3550 speciales,

212 3589 364 3662 conccssu¹
382 3585 485 3639 erant.
500 3571 551 3638 Sic
563 3571 639 3660 ipsis
652 3571 758 3639 italusa
774 3593 839 3639 non
850 3569 964 3637 luisset
975 3568 1106 3648 scientie
1124 3585 1196 3658 pet·-

209 3673 290 3738 lscta
307 3694 405 3762 quam
419 3678 506 3742 Deus
522 3692 724 3750 concesserat
739 3677 1050 3768 nonnumquam..
1065 3670 1194 3765 posteri·

1313 3573 1314 3628 t

1309 3733 1314 3775 l

1306 3796 1310 3851 t

1305 3858 1308 3931 l
