<?xml version="1.0" encoding="UTF-8"?>
<!DOCTYPE html PUBLIC "-//W3C//DTD XHTML 1.0 Transitional//EN"
    "http://www.w3.org/TR/xhtml1/DTD/xhtml1-transitional.dtd">
<html xmlns="http://www.w3.org/1999/xhtml" xml:lang="en" lang="en">
 <head>
  <title>
</title>
<meta http-equiv="Content-Type" content="text/html;charset=utf-8" />
  <meta name='ocr-system' content='tesseract 3.04.00' />
  <meta name='ocr-capabilities' content='ocr_page ocr_carea ocr_par ocr_line ocrx_word'/>
</head>
<body>
  <div class='ocr_page' id='page_1' title='image "./theologiadogmat03fraigoog_0267.png"; bbox 0 0 2710 4116; ppageno 0'>
   <div class='ocr_carea' id='block_1_1' title="bbox 156 219 1222 3314">
    <p class='ocr_par' dir='ltr' id='par_1_1' title="bbox 615 219 815 286">
     <span class='ocr_line' id='line_1_1' title="bbox 615 219 815 286; baseline -0.015 1"><span class='ocrx_word' id='word_1_1' title='bbox 615 257 659 270; x_wconf 92' lang='lat'><strong>·-</strong></span> <span class='ocrx_word' id='word_1_2' title='bbox 683 219 748 286; x_wconf 70' lang='lat'><strong>956</strong></span> <span class='ocrx_word' id='word_1_3' title='bbox 773 256 815 266; x_wconf 94' lang='grc'>-</span> 
     </span>
    </p>

    <p class='ocr_par' dir='ltr' id='par_1_2' title="bbox 225 349 1218 1290">
     <span class='ocr_line' id='line_1_2' title="bbox 229 349 1217 458; baseline -0.017 -20"><span class='ocrx_word' id='word_1_4' title='bbox 229 363 474 458; x_wconf 71' lang='lat' dir='ltr'><strong>aequivalentem</strong></span> <span class='ocrx_word' id='word_1_5' title='bbox 488 383 494 426; x_wconf 95' lang='lat'><strong>:</strong></span> <span class='ocrx_word' id='word_1_6' title='bbox 509 360 623 428; x_wconf 90' lang='lat' dir='ltr'><strong>crescit</strong></span> <span class='ocrx_word' id='word_1_7' title='bbox 635 361 721 427; x_wconf 91' lang='lat' dir='ltr'><strong>enim</strong></span> <span class='ocrx_word' id='word_1_8' title='bbox 733 355 850 446; x_wconf 84' lang='lat' dir='ltr'><strong>injuria</strong></span> <span class='ocrx_word' id='word_1_9' title='bbox 863 376 920 443; x_wconf 89' lang='lat' dir='ltr'><strong>pro</strong></span> <span class='ocrx_word' id='word_1_10' title='bbox 932 349 1087 438; x_wconf 75' lang='lat' dir='ltr'>dignitate</span> <span class='ocrx_word' id='word_1_11' title='bbox 1099 353 1217 422; x_wconf 91' lang='lat' dir='ltr'><strong>offensi</strong></span> 
     </span>
     <span class='ocr_line' id='line_1_3' title="bbox 228 459 1217 562; baseline -0.014 -20"><span class='ocrx_word' id='word_1_12' title='bbox 228 487 260 542; x_wconf 90' lang='lat' dir='ltr'><strong>et</strong></span> <span class='ocrx_word' id='word_1_13' title='bbox 275 493 335 562; x_wconf 91' lang='lat' dir='ltr'><strong>pro</strong></span> <span class='ocrx_word' id='word_1_14' title='bbox 348 471 466 537; x_wconf 88' lang='lat' dir='ltr'><strong>vilitate</strong></span> <span class='ocrx_word' id='word_1_15' title='bbox 479 467 690 544; x_wconf 89' lang='lat' dir='ltr'><strong>oflendentis;</strong></span> <span class='ocrx_word' id='word_1_16' title='bbox 711 463 846 554; x_wconf 81' lang='lat' dir='ltr'><strong>proinde</strong></span> <span class='ocrx_word' id='word_1_17' title='bbox 861 461 953 548; x_wconf 83' lang='lat' dir='ltr'><strong>quasi</strong></span> <span class='ocrx_word' id='word_1_18' title='bbox 970 459 1094 526; x_wconf 89' lang='lat' dir='ltr'><strong>infinita</strong></span> <span class='ocrx_word' id='word_1_19' title='bbox 1105 474 1154 528; x_wconf 88' lang='lat' dir='ltr'><strong>est</strong></span> <span class='ocrx_word' id='word_1_20' title='bbox 1166 461 1217 528; x_wconf 91' lang='lat' dir='ltr'><strong>in-</strong></span> 
     </span>
     <span class='ocr_line' id='line_1_4' title="bbox 225 569 1215 670; baseline -0.017 -22"><span class='ocrx_word' id='word_1_21' title='bbox 225 580 311 670; x_wconf 84' lang='lat' dir='ltr'><strong>juria</strong></span> <span class='ocrx_word' id='word_1_22' title='bbox 328 577 413 644; x_wconf 87' lang='lat' dir='ltr'><strong>illata</strong></span> <span class='ocrx_word' id='word_1_23' title='bbox 429 578 498 642; x_wconf 88' lang='lat' dir='ltr'><strong>Deo</strong></span> <span class='ocrx_word' id='word_1_24' title='bbox 518 595 574 662; x_wconf 89' lang='lat' dir='ltr'><strong>per</strong></span> <span class='ocrx_word' id='word_1_25' title='bbox 598 587 766 662; x_wconf 88' lang='lat' dir='ltr'><strong>peccatum</strong></span> <span class='ocrx_word' id='word_1_26' title='bbox 784 569 944 645; x_wconf 87' lang='lat' dir='ltr'><strong>bominis,</strong></span> <span class='ocrx_word' id='word_1_27' title='bbox 970 585 1050 650; x_wconf 84' lang='lat' dir='ltr'><strong>ergo</strong></span> <span class='ocrx_word' id='word_1_28' title='bbox 1066 579 1215 634; x_wconf 85' lang='lat' dir='ltr'><strong>creatura</strong></span> 
     </span>
     <span class='ocr_line' id='line_1_5' title="bbox 230 673 1218 775; baseline -0.012 -21"><span class='ocrx_word' id='word_1_29' title='bbox 230 708 297 754; x_wconf 92' lang='lat' dir='ltr'><strong>non</strong></span> <span class='ocrx_word' id='word_1_30' title='bbox 320 696 425 775; x_wconf 90' lang='lat' dir='ltr'><strong>potest</strong></span> <span class='ocrx_word' id='word_1_31' title='bbox 449 681 567 748; x_wconf 88' lang='lat' dir='ltr'><strong>offerre</strong></span> <span class='ocrx_word' id='word_1_32' title='bbox 590 677 839 746; x_wconf 76' lang='lat' dir='ltr'><strong>satisfactionem</strong></span> <span class='ocrx_word' id='word_1_33' title='bbox 866 673 1114 761; x_wconf 81' lang='lat' dir='ltr'><strong>aeqiiixalentem</strong></span> <span class='ocrx_word' id='word_1_34' title='bbox 1139 673 1218 742; x_wconf 77' lang='lat' dir='ltr'><strong>liuiu</strong></span> 
     </span>
     <span class='ocr_line' id='line_1_6' title="bbox 231 777 1215 880; baseline -0.016 -20"><span class='ocrx_word' id='word_1_35' title='bbox 231 792 370 880; x_wconf 89' lang='lat' dir='ltr'><strong>injuriae.</strong></span> <span class='ocrx_word' id='word_1_36' title='bbox 385 789 453 857; x_wconf 87' lang='lat' dir='ltr'><strong>Non</strong></span> <span class='ocrx_word' id='word_1_37' title='bbox 468 797 573 875; x_wconf 88' lang='lat' dir='ltr'><strong>potest</strong></span> <span class='ocrx_word' id='word_1_38' title='bbox 585 785 618 850; x_wconf 51' lang='grc' dir='ltr'><strong>ᾖ.</strong></span> <span class='ocrx_word' id='word_1_39' title='bbox 636 783 751 850; x_wconf 83' lang='lat' dir='ltr'><strong>offerre</strong></span> <span class='ocrx_word' id='word_1_40' title='bbox 763 780 1010 848; x_wconf 79' lang='lat' dir='ltr'><strong>satisfactionem</strong></span> <span class='ocrx_word' id='word_1_41' title='bbox 1026 777 1215 865; x_wconf 81' lang='lat' dir='ltr'><strong>perfectam:</strong></span> 
     </span>
     <span class='ocr_line' id='line_1_7' title="bbox 231 885 1217 984; baseline -0.013 -19"><span class='ocrx_word' id='word_1_42' title='bbox 231 897 393 984; x_wconf 86' lang='lat' dir='ltr'><strong>siquidem</strong></span> <span class='ocrx_word' id='word_1_43' title='bbox 418 891 592 960; x_wconf 85' lang='lat' dir='ltr'><strong>satisfactio</strong></span> <span class='ocrx_word' id='word_1_44' title='bbox 610 889 748 978; x_wconf 85' lang='lat' dir='ltr'><strong>perfecta</strong></span> <span class='ocrx_word' id='word_1_45' title='bbox 771 887 867 972; x_wconf 78' lang='lat' dir='ltr'><strong>exigit</strong></span> <span class='ocrx_word' id='word_1_46' title='bbox 883 907 997 951; x_wconf 91' lang='lat' dir='ltr'><strong>omnes</strong></span> <span class='ocrx_word' id='word_1_47' title='bbox 1014 885 1217 952; x_wconf 82' lang='lat' dir='ltr'><strong>conditiones</strong></span> 
     </span>
     <span class='ocr_line' id='line_1_8' title="bbox 231 989 1212 1085; baseline -0.02 -12"><span class='ocrx_word' id='word_1_48' title='bbox 231 1001 457 1072; x_wconf 89' lang='lat' dir='ltr'><strong>satisfactionis</strong></span> <span class='ocrx_word' id='word_1_49' title='bbox 477 996 716 1085; x_wconf 73' lang='lat' dir='ltr'><strong>equivalentis,</strong></span> <span class='ocrx_word' id='word_1_50' title='bbox 734 995 866 1080; x_wconf 87' lang='lat' dir='ltr'><strong>insuper</strong></span> <span class='ocrx_word' id='word_1_51' title='bbox 883 991 952 1058; x_wconf 88' lang='lat' dir='ltr'><strong>fieri</strong></span> <span class='ocrx_word' id='word_1_52' title='bbox 969 989 1067 1056; x_wconf 86' lang='lat' dir='ltr'><strong>debet</strong></span> <span class='ocrx_word' id='word_1_53' title='bbox 1087 1011 1121 1056; x_wconf 91' lang='lat' dir='ltr'><strong>ex</strong></span> <span class='ocrx_word' id='word_1_54' title='bbox 1136 1011 1212 1076; x_wconf 87' lang='lat' dir='ltr'><strong>pro-</strong></span> 
     </span>
     <span class='ocr_line' id='line_1_9' title="bbox 232 1095 1207 1199; baseline -0.016 -23"><span class='ocrx_word' id='word_1_55' title='bbox 232 1108 310 1199; x_wconf 85' lang='lat' dir='ltr'><strong>priis</strong></span> <span class='ocrx_word' id='word_1_56' title='bbox 328 1115 359 1174; x_wconf 89' lang='lat' dir='ltr'><strong>et</strong></span> <span class='ocrx_word' id='word_1_57' title='bbox 374 1107 452 1174; x_wconf 78' lang='lat' dir='ltr'><strong>alias</strong></span> <span class='ocrx_word' id='word_1_58' title='bbox 469 1103 632 1180; x_wconf 87' lang='lat' dir='ltr'><strong>indebitis,</strong></span> <span class='ocrx_word' id='word_1_59' title='bbox 650 1122 747 1189; x_wconf 89' lang='lat' dir='ltr'><strong>porro</strong></span> <span class='ocrx_word' id='word_1_60' title='bbox 763 1110 910 1166; x_wconf 87' lang='lat' dir='ltr'><strong>creatura</strong></span> <span class='ocrx_word' id='word_1_61' title='bbox 927 1097 1052 1162; x_wconf 88' lang='lat' dir='ltr'><strong>liabens</strong></span> <span class='ocrx_word' id='word_1_62' title='bbox 1070 1095 1207 1162; x_wconf 78' lang='lat' dir='ltr'><strong>omniab</strong></span> 
     </span>
     <span class='ocr_line' id='line_1_10' title="bbox 231 1211 650 1290; baseline -0.026 -5"><span class='ocrx_word' id='word_1_63' title='bbox 231 1217 312 1290; x_wconf 87' lang='lat' dir='ltr'><strong>Deo,</strong></span> <span class='ocrx_word' id='word_1_64' title='bbox 334 1213 443 1281; x_wconf 86' lang='lat' dir='ltr'><strong>omnia</strong></span> <span class='ocrx_word' id='word_1_65' title='bbox 459 1211 556 1280; x_wconf 87' lang='lat' dir='ltr'><strong>debet</strong></span> <span class='ocrx_word' id='word_1_66' title='bbox 568 1211 650 1276; x_wconf 87' lang='lat' dir='ltr'><strong>Deo.</strong></span> 
     </span>
    </p>

    <p class='ocr_par' dir='ltr' id='par_1_3' title="bbox 156 1311 1222 1517">
     <span class='ocr_line' id='line_1_11' title="bbox 276 1311 1222 1404; baseline -0.01 -17"><span class='ocrx_word' id='word_1_67' title='bbox 276 1323 313 1387; x_wconf 65' lang='lat'><strong>2⁰</strong></span> <span class='ocrx_word' id='word_1_68' title='bbox 342 1319 495 1386; x_wconf 82' lang='lat' dir='ltr'><strong>Creatura</strong></span> <span class='ocrx_word' id='word_1_69' title='bbox 523 1314 719 1404; x_wconf 84' lang='lat' dir='ltr'><strong>hypostatice</strong></span> <span class='ocrx_word' id='word_1_70' title='bbox 746 1311 834 1378; x_wconf 89' lang='lat' dir='ltr'><strong>unita</strong></span> <span class='ocrx_word' id='word_1_71' title='bbox 854 1331 1002 1400; x_wconf 89' lang='lat' dir='ltr'><strong>personae</strong></span> <span class='ocrx_word' id='word_1_72' title='bbox 1025 1311 1146 1379; x_wconf 77' lang='lat' dir='ltr'><strong>divinae</strong></span> <span class='ocrx_word' id='word_1_73' title='bbox 1173 1325 1222 1380; x_wconf 89' lang='lat' dir='ltr'><strong>est</strong></span> 
     </span>
     <span class='ocr_line' id='line_1_12' title="bbox 156 1417 1007 1517; baseline -0.018 -20"><span class='ocrx_word' id='word_1_74' title='bbox 156 1427 160 1434; x_wconf 80' lang='grc'><strong>’</strong></span> <span class='ocrx_word' id='word_1_75' title='bbox 232 1448 331 1517; x_wconf 89' lang='lat' dir='ltr'><strong>capax</strong></span> <span class='ocrx_word' id='word_1_76' title='bbox 347 1423 590 1492; x_wconf 86' lang='lat' dir='ltr'><strong>satisfactionis</strong></span> <span class='ocrx_word' id='word_1_77' title='bbox 610 1421 691 1486; x_wconf 76' lang='lat' dir='ltr'><strong>iulia</strong></span> <span class='ocrx_word' id='word_1_78' title='bbox 713 1417 918 1506; x_wconf 80' lang='lat' dir='ltr'><strong>probabitur.</strong></span> <span class='ocrx_word' id='word_1_79' title='bbox 1005 1490 1007 1496; x_wconf 53' lang='grc'>,</span> 
     </span>
    </p>

    <p class='ocr_par' dir='ltr' id='par_1_4' title="bbox 231 1525 1222 1707">
     <span class='ocr_line' id='line_1_13' title="bbox 277 1525 1222 1600; baseline -0.008 -1"><span class='ocrx_word' id='word_1_80' title='bbox 277 1534 319 1600; x_wconf 86' lang='lat' dir='ltr'><strong>Ex</strong></span> <span class='ocrx_word' id='word_1_81' title='bbox 338 1533 432 1599; x_wconf 87' lang='lat' dir='ltr'><strong>dietis</strong></span> <span class='ocrx_word' id='word_1_82' title='bbox 451 1541 575 1598; x_wconf 88' lang='lat' dir='ltr'><strong>constat</strong></span> <span class='ocrx_word' id='word_1_83' title='bbox 590 1528 728 1594; x_wconf 90' lang='lat' dir='ltr'><strong>liberam</strong></span> <span class='ocrx_word' id='word_1_84' title='bbox 745 1525 806 1592; x_wconf 88' lang='lat' dir='ltr'><strong>Dei</strong></span> <span class='ocrx_word' id='word_1_85' title='bbox 824 1525 1023 1592; x_wconf 82' lang='lat' dir='ltr'><strong>voluntatem</strong></span> <span class='ocrx_word' id='word_1_86' title='bbox 1048 1526 1151 1593; x_wconf 90' lang='lat' dir='ltr'><strong>fuisse</strong></span> <span class='ocrx_word' id='word_1_87' title='bbox 1170 1547 1222 1593; x_wconf 87' lang='lat' dir='ltr'><strong>ra-</strong></span> 
     </span>
     <span class='ocr_line' id='line_1_14' title="bbox 231 1635 611 1707; baseline -0.019 0"><span class='ocrx_word' id='word_1_88' title='bbox 231 1640 353 1707; x_wconf 89' lang='lat' dir='ltr'><strong>tionein</strong></span> <span class='ocrx_word' id='word_1_89' title='bbox 371 1635 611 1704; x_wconf 72' lang='lat' dir='ltr'><strong>incarnationis</strong></span> 
     </span>
    </p>

    <p class='ocr_par' dir='ltr' id='par_1_5' title="bbox 234 1738 1222 1918">
     <span class='ocr_line' id='line_1_15' title="bbox 277 1738 1222 1830; baseline -0.003 -19"><span class='ocrx_word' id='word_1_90' title='bbox 277 1743 324 1812; x_wconf 79' lang='lat' dir='ltr'><strong>td</strong></span> <span class='ocrx_word' id='word_1_91' title='bbox 339 1743 394 1808; x_wconf 54' lang='grc' dir='ltr'><strong>Ῥω</strong></span> <span class='ocrx_word' id='word_1_92' title='bbox 410 1764 443 1830; x_wconf 91' lang='lat' dir='ltr'><strong>q.</strong></span> <span class='ocrx_word' id='word_1_93' title='bbox 457 1749 539 1828; x_wconf 88' lang='lat' dir='ltr'><strong>part.</strong></span> <span class='ocrx_word' id='word_1_94' title='bbox 551 1739 692 1806; x_wconf 87' lang='lat' dir='ltr'><strong>scilieet:</strong></span> <span class='ocrx_word' id='word_1_95' title='bbox 714 1738 992 1822; x_wconf 80' lang='lat' dir='ltr'><strong>Quoditoiiisttci·it</strong></span> <span class='ocrx_word' id='word_1_96' title='bbox 1001 1739 1158 1806; x_wconf 85' lang='lat' dir='ltr'><strong>motivum</strong></span> <span class='ocrx_word' id='word_1_97' title='bbox 1171 1740 1222 1808; x_wconf 85' lang='lat' dir='ltr'><strong>iit·</strong></span> 
     </span>
     <span class='ocr_line' id='line_1_16' title="bbox 234 1849 465 1918; baseline -0.017 -2"><span class='ocrx_word' id='word_1_98' title='bbox 234 1849 465 1918; x_wconf 84' lang='lat' dir='ltr'><strong>carnationis?</strong></span> 
     </span>
    </p>

    <p class='ocr_par' dir='ltr' id='par_1_6' title="bbox 232 1950 1218 2360">
     <span class='ocr_line' id='line_1_17' title="bbox 278 1950 1218 2038; baseline -0.001 -19"><span class='ocrx_word' id='word_1_99' title='bbox 278 1951 527 2038; x_wconf 68' lang='lat' dir='ltr'><strong>[implicitum</strong></span> <span class='ocrx_word' id='word_1_100' title='bbox 552 1959 599 2017; x_wconf 88' lang='lat' dir='ltr'><strong>est</strong></span> <span class='ocrx_word' id='word_1_101' title='bbox 628 1950 881 2018; x_wconf 83' lang='lat' dir='ltr'><strong>incarnationem</strong></span> <span class='ocrx_word' id='word_1_102' title='bbox 909 1952 1091 2020; x_wconf 87' lang='lat' dir='ltr'><strong>ordinatam</strong></span> <span class='ocrx_word' id='word_1_103' title='bbox 1118 1952 1218 2020; x_wconf 90' lang='lat' dir='ltr'><strong>fuisse</strong></span> 
     </span>
     <span class='ocr_line' id='line_1_18' title="bbox 234 2057 1212 2148; baseline -0.004 -22"><span class='ocrx_word' id='word_1_104' title='bbox 234 2059 378 2148; x_wconf 78' lang='lat' dir='ltr'><strong>proxime</strong></span> <span class='ocrx_word' id='word_1_105' title='bbox 395 2058 436 2124; x_wconf 89' lang='lat' dir='ltr'><strong>ad</strong></span> <span class='ocrx_word' id='word_1_106' title='bbox 453 2057 724 2146; x_wconf 84' lang='lat' dir='ltr'><strong>redemptionem,</strong></span> <span class='ocrx_word' id='word_1_107' title='bbox 739 2057 1041 2136; x_wconf 79' lang='lat' dir='ltr'><strong>sanctificationem,</strong></span> <span class='ocrx_word' id='word_1_108' title='bbox 1055 2059 1212 2143; x_wconf 75' lang='lat' dir='ltr'><strong>glorifiea-</strong></span> 
     </span>
     <span class='ocr_line' id='line_1_19' title="bbox 232 2160 1212 2249; baseline -0.004 -19"><span class='ocrx_word' id='word_1_109' title='bbox 232 2165 354 2233; x_wconf 85' lang='lat' dir='ltr'><strong>tionem</strong></span> <span class='ocrx_word' id='word_1_110' title='bbox 379 2163 507 2249; x_wconf 88' lang='lat' dir='ltr'><strong>generis</strong></span> <span class='ocrx_word' id='word_1_111' title='bbox 525 2162 680 2241; x_wconf 89' lang='lat' dir='ltr'><strong>humani;</strong></span> <span class='ocrx_word' id='word_1_112' title='bbox 701 2162 814 2228; x_wconf 85' lang='lat' dir='ltr'><strong>ultimo</strong></span> <span class='ocrx_word' id='word_1_113' title='bbox 831 2163 872 2228; x_wconf 91' lang='lat' dir='ltr'><strong>ad</strong></span> <span class='ocrx_word' id='word_1_114' title='bbox 896 2163 1034 2248; x_wconf 76' lang='lat' dir='ltr'><strong>gloriam</strong></span> <span class='ocrx_word' id='word_1_115' title='bbox 1054 2163 1136 2242; x_wconf 83' lang='lat' dir='ltr'><strong>Dei,</strong></span> <span class='ocrx_word' id='word_1_116' title='bbox 1155 2160 1212 2248; x_wconf 84' lang='lat' dir='ltr'><strong>qui</strong></span> 
     </span>
     <span class='ocr_line' id='line_1_20' title="bbox 232 2268 895 2360; baseline -0.006 -21"><span class='ocrx_word' id='word_1_117' title='bbox 232 2268 340 2339; x_wconf 86' lang='lat' dir='ltr'><strong>oinnia</strong></span> <span class='ocrx_word' id='word_1_118' title='bbox 357 2283 488 2360; x_wconf 91' lang='lat' dir='ltr'><strong>propter</strong></span> <span class='ocrx_word' id='word_1_119' title='bbox 504 2271 714 2360; x_wconf 83' lang='lat' dir='ltr'><strong>semetipsum</strong></span> <span class='ocrx_word' id='word_1_120' title='bbox 732 2283 895 2356; x_wconf 84' lang='lat' dir='ltr'><strong>operatur.</strong></span> 
     </span>
    </p>

    <p class='ocr_par' dir='ltr' id='par_1_7' title="bbox 233 2365 1222 2785">
     <span class='ocr_line' id='line_1_21' title="bbox 245 2365 1221 2463; baseline -0.003 -17"><span class='ocrx_word' id='word_1_121' title='bbox 245 2437 247 2446; x_wconf 79' lang='grc'>,</span> <span class='ocrx_word' id='word_1_122' title='bbox 282 2377 536 2447; x_wconf 73' lang='lat' dir='ltr'><strong>controvertitur</strong></span> <span class='ocrx_word' id='word_1_123' title='bbox 561 2365 668 2444; x_wconf 90' lang='lat' dir='ltr'><strong>autem</strong></span> <span class='ocrx_word' id='word_1_124' title='bbox 691 2376 840 2462; x_wconf 89' lang='lat' dir='ltr'><strong>quisnam</strong></span> <span class='ocrx_word' id='word_1_125' title='bbox 859 2396 896 2442; x_wconf 91' lang='lat' dir='ltr'><strong>ex</strong></span> <span class='ocrx_word' id='word_1_126' title='bbox 918 2375 1036 2442; x_wconf 81' lang='lat' dir='ltr'><strong>finibus</strong></span> <span class='ocrx_word' id='word_1_127' title='bbox 1063 2375 1221 2463; x_wconf 83' lang='lat' dir='ltr'><strong>proximis</strong></span> 
     </span>
     <span class='ocr_line' id='line_1_22' title="bbox 236 2479 1218 2574; baseline -0.005 -21"><span class='ocrx_word' id='word_1_128' title='bbox 236 2485 333 2553; x_wconf 88' lang='lat' dir='ltr'><strong>fuerit</strong></span> <span class='ocrx_word' id='word_1_129' title='bbox 347 2483 556 2574; x_wconf 71' lang='lat' dir='ltr'><strong>praecipu&#39;us3</strong></span> <span class='ocrx_word' id='word_1_130' title='bbox 580 2504 620 2549; x_wconf 91' lang='lat' dir='ltr'><strong>an</strong></span> <span class='ocrx_word' id='word_1_131' title='bbox 646 2481 827 2568; x_wconf 85' lang='lat' dir='ltr'><strong>redemptio</strong></span> <span class='ocrx_word' id='word_1_132' title='bbox 851 2481 979 2566; x_wconf 83' lang='lat' dir='ltr'><strong>generis</strong></span> <span class='ocrx_word' id='word_1_133' title='bbox 995 2479 1154 2561; x_wconf 88' lang='lat' dir='ltr'><strong>humani,</strong></span> <span class='ocrx_word' id='word_1_134' title='bbox 1179 2501 1218 2548; x_wconf 85' lang='lat' dir='ltr'><strong>an</strong></span> 
     </span>
     <span class='ocr_line' id='line_1_23' title="bbox 233 2587 1222 2680; baseline -0.007 -21"><span class='ocrx_word' id='word_1_135' title='bbox 233 2597 312 2658; x_wconf 80' lang='lat' dir='ltr'><strong>verb</strong></span> <span class='ocrx_word' id='word_1_136' title='bbox 333 2591 433 2680; x_wconf 88' lang='lat' dir='ltr'><strong>ipsius</strong></span> <span class='ocrx_word' id='word_1_137' title='bbox 449 2588 659 2654; x_wconf 89' lang='lat' dir='ltr'><strong>sanctificatio</strong></span> <span class='ocrx_word' id='word_1_138' title='bbox 684 2597 715 2654; x_wconf 91' lang='lat' dir='ltr'><strong>et</strong></span> <span class='ocrx_word' id='word_1_139' title='bbox 739 2587 940 2672; x_wconf 80' lang='lat' dir='ltr'><strong>glorificatio.</strong></span> <span class='ocrx_word' id='word_1_140' title='bbox 961 2587 1051 2652; x_wconf 78' lang='lat' dir='ltr'><strong>unae</strong></span> <span class='ocrx_word' id='word_1_141' title='bbox 1075 2587 1222 2672; x_wconf 85' lang='lat' dir='ltr'><strong>exsurgit</strong></span> 
     </span>
     <span class='ocr_line' id='line_1_24' title="bbox 235 2693 1221 2785; baseline -0.004 -21"><span class='ocrx_word' id='word_1_142' title='bbox 235 2696 297 2764; x_wconf 88' lang='lat' dir='ltr'><strong>alia</strong></span> <span class='ocrx_word' id='word_1_143' title='bbox 314 2697 472 2785; x_wconf 85' lang='lat' dir='ltr'><strong>quaestio:</strong></span> <span class='ocrx_word' id='word_1_144' title='bbox 494 2697 607 2762; x_wconf 73' lang='lat' dir='ltr'><strong>Uirium</strong></span> <span class='ocrx_word' id='word_1_145' title='bbox 622 2697 656 2760; x_wconf 89' lang='lat' dir='ltr'><strong>vi</strong></span> <span class='ocrx_word' id='word_1_146' title='bbox 668 2696 839 2780; x_wconf 78' lang='lat' dir='ltr'><strong>praescietis</strong></span> <span class='ocrx_word' id='word_1_147' title='bbox 854 2693 983 2772; x_wconf 84' lang='lat' dir='ltr'><strong>decreti,</strong></span> <span class='ocrx_word' id='word_1_148' title='bbox 1005 2695 1136 2760; x_wconf 81' lang='lat' dir='ltr'><strong>dormite</strong></span> <span class='ocrx_word' id='word_1_149' title='bbox 1153 2715 1221 2767; x_wconf 82' lang='lat' dir='ltr'><strong>nort</strong></span> 
     </span>
    </p>

    <p class='ocr_par' dir='ltr' id='par_1_8' title="bbox 213 2801 1083 2888">
     <span class='ocr_line' id='line_1_25' title="bbox 213 2801 1083 2888; baseline -0.002 -22"><span class='ocrx_word' id='word_1_150' title='bbox 213 2863 215 2866; x_wconf 84' lang='lat'><strong>.</strong></span> <span class='ocrx_word' id='word_1_151' title='bbox 233 2813 396 2888; x_wconf 81' lang='lat' dir='ltr'><strong>peccante,</strong></span> <span class='ocrx_word' id='word_1_152' title='bbox 417 2801 552 2868; x_wconf 85' lang='lat' dir='ltr'><strong>Verbum</strong></span> <span class='ocrx_word' id='word_1_153' title='bbox 567 2803 775 2868; x_wconf 79' lang='lat' dir='ltr'><strong>incorrectum</strong></span> <span class='ocrx_word' id='word_1_154' title='bbox 788 2803 913 2888; x_wconf 73' lang='lat' dir='ltr'><strong>suisset,</strong></span> <span class='ocrx_word' id='word_1_155' title='bbox 932 2822 976 2866; x_wconf 85' lang='lat' dir='ltr'><strong>uia</strong></span> <span class='ocrx_word' id='word_1_156' title='bbox 992 2801 1083 2866; x_wconf 81' lang='lat' dir='ltr'><strong>noia?</strong></span> 
     </span>
    </p>

    <p class='ocr_par' dir='ltr' id='par_1_9' title="bbox 237 2906 1222 3314">
     <span class='ocr_line' id='line_1_26' title="bbox 281 2906 1221 2994; baseline -0.002 -20"><span class='ocrx_word' id='word_1_157' title='bbox 281 2909 329 2974; x_wconf 91' lang='lat' dir='ltr'><strong>De</strong></span> <span class='ocrx_word' id='word_1_158' title='bbox 340 2909 399 2974; x_wconf 78' lang='lat' dir='ltr'><strong>uec</strong></span> <span class='ocrx_word' id='word_1_159' title='bbox 409 2907 587 2994; x_wconf 69' lang='lat' dir='ltr'><strong>quaestione</strong></span> <span class='ocrx_word' id='word_1_160' title='bbox 601 2907 847 2994; x_wconf 89' lang='lat' dir='ltr'><strong>diiplexopinio.</strong></span> <span class='ocrx_word' id='word_1_161' title='bbox 857 2909 983 2985; x_wconf 80' lang='lat' dir='ltr'><strong>Priario,</strong></span> <span class='ocrx_word' id='word_1_162' title='bbox 995 2906 1221 2983; x_wconf 88' lang='lat' dir='ltr'><strong>Scotistarum,</strong></span> 
     </span>
     <span class='ocr_line' id='line_1_27' title="bbox 237 3013 1222 3106; baseline 0.002 -26"><span class='ocrx_word' id='word_1_163' title='bbox 237 3013 376 3080; x_wconf 90' lang='lat' dir='ltr'><strong>aflirmat</strong></span> <span class='ocrx_word' id='word_1_164' title='bbox 387 3013 485 3080; x_wconf 85' lang='lat' dir='ltr'><strong>tinam</strong></span> <span class='ocrx_word' id='word_1_165' title='bbox 501 3013 714 3102; x_wconf 86' lang='lat' dir='ltr'><strong>principalem</strong></span> <span class='ocrx_word' id='word_1_166' title='bbox 730 3013 959 3081; x_wconf 86' lang='lat' dir='ltr'><strong>incarnationis</strong></span> <span class='ocrx_word' id='word_1_167' title='bbox 970 3013 1069 3106; x_wconf 82' lang='lat' dir='ltr'><strong>fuisse</strong></span> <span class='ocrx_word' id='word_1_168' title='bbox 1082 3015 1222 3083; x_wconf 82' lang='lat' dir='ltr'><strong>sanctifi·</strong></span> 
     </span>
     <span class='ocr_line' id='line_1_28' title="bbox 238 3116 1221 3204; baseline -0.001 -18"><span class='ocrx_word' id='word_1_169' title='bbox 238 3116 398 3186; x_wconf 90' lang='lat' dir='ltr'><strong>cationem</strong></span> <span class='ocrx_word' id='word_1_170' title='bbox 413 3133 443 3183; x_wconf 89' lang='lat' dir='ltr'><strong>et</strong></span> <span class='ocrx_word' id='word_1_171' title='bbox 453 3119 718 3204; x_wconf 79' lang='lat' dir='ltr'><strong>glorificationem</strong></span> <span class='ocrx_word' id='word_1_172' title='bbox 730 3119 957 3188; x_wconf 84' lang='lat' dir='ltr'><strong>humanitatis:</strong></span> <span class='ocrx_word' id='word_1_173' title='bbox 977 3119 1064 3185; x_wconf 82' lang='lat' dir='ltr'><strong>uiidd</strong></span> <span class='ocrx_word' id='word_1_174' title='bbox 1075 3119 1221 3188; x_wconf 88' lang='lat' dir='ltr'><strong>Verbum</strong></span> 
     </span>
     <span class='ocr_line' id='line_1_29' title="bbox 237 3223 1218 3314; baseline 0 -20"><span class='ocrx_word' id='word_1_175' title='bbox 237 3225 440 3294; x_wconf 87' lang='lat' dir='ltr'><strong>incarnatum</strong></span> <span class='ocrx_word' id='word_1_176' title='bbox 457 3223 592 3308; x_wconf 88' lang='lat' dir='ltr'><strong>fuisset,</strong></span> <span class='ocrx_word' id='word_1_177' title='bbox 612 3227 744 3294; x_wconf 91' lang='lat' dir='ltr'><strong>homine</strong></span> <span class='ocrx_word' id='word_1_178' title='bbox 769 3227 865 3295; x_wconf 87' lang='lat' dir='ltr'><strong>etiam</strong></span> <span class='ocrx_word' id='word_1_179' title='bbox 892 3247 956 3295; x_wconf 92' lang='lat' dir='ltr'><strong>non</strong></span> <span class='ocrx_word' id='word_1_180' title='bbox 980 3240 1135 3314; x_wconf 88' lang='lat' dir='ltr'><strong>peccante</strong></span> <span class='ocrx_word' id='word_1_181' title='bbox 1161 3227 1218 3308; x_wconf 80' lang='lat' dir='ltr'><strong>(l).</strong></span> 
     </span>
    </p>
   </div>
   <div class='ocr_carea' id='block_1_2' title="bbox 239 3480 1218 3627">
    <p class='ocr_par' dir='ltr' id='par_1_10' title="bbox 239 3480 1218 3627">
     <span class='ocr_line' id='line_1_30' title="bbox 268 3480 1218 3547; baseline 0 -18"><span class='ocrx_word' id='word_1_182' title='bbox 268 3480 306 3543; x_wconf 75' lang='lat' dir='ltr'><strong>fl)</strong></span> <span class='ocrx_word' id='word_1_183' title='bbox 321 3481 359 3530; x_wconf 72' lang='lat' dir='ltr'><strong>lta</strong></span> <span class='ocrx_word' id='word_1_184' title='bbox 372 3482 442 3530; x_wconf 85' lang='lat' dir='ltr'><strong>Scot.</strong></span> <span class='ocrx_word' id='word_1_185' title='bbox 456 3482 483 3532; x_wconf 87' lang='lat' dir='ltr'><strong>ln</strong></span> <span class='ocrx_word' id='word_1_186' title='bbox 497 3482 523 3543; x_wconf 80' lang='lat'><strong>5,</strong></span> <span class='ocrx_word' id='word_1_187' title='bbox 542 3481 604 3532; x_wconf 84' lang='lat' dir='ltr'><strong>dist.</strong></span> <span class='ocrx_word' id='word_1_188' title='bbox 625 3483 650 3546; x_wconf 82' lang='lat' dir='ltr'><strong>i,</strong></span> <span class='ocrx_word' id='word_1_189' title='bbox 666 3495 693 3546; x_wconf 82' lang='lat' dir='ltr'><strong>q.</strong></span> <span class='ocrx_word' id='word_1_190' title='bbox 710 3483 726 3533; x_wconf 75' lang='grc'>5</span> <span class='ocrx_word' id='word_1_191' title='bbox 741 3497 748 3544; x_wconf 88' lang='grc'>;</span> <span class='ocrx_word' id='word_1_192' title='bbox 762 3483 858 3533; x_wconf 75' lang='lat' dir='ltr'><strong>libert.</strong></span> <span class='ocrx_word' id='word_1_193' title='bbox 875 3495 960 3547; x_wconf 85' lang='lat' dir='ltr'><strong>magii.</strong></span> <span class='ocrx_word' id='word_1_194' title='bbox 977 3484 1003 3532; x_wconf 91' lang='lat' dir='ltr'><strong>in</strong></span> <span class='ocrx_word' id='word_1_195' title='bbox 1021 3483 1078 3540; x_wconf 73' lang='lat'><strong>5⁰⁰¹,</strong></span> <span class='ocrx_word' id='word_1_196' title='bbox 1103 3481 1165 3533; x_wconf 87' lang='lat' dir='ltr'><strong>dist.</strong></span> <span class='ocrx_word' id='word_1_197' title='bbox 1182 3482 1218 3542; x_wconf 78' lang='lat'><strong>73</strong></span> 
     </span>
     <span class='ocr_line' id='line_1_31' title="bbox 239 3557 1149 3627; baseline 0.008 -23"><span class='ocrx_word' id='word_1_198' title='bbox 239 3557 390 3611; x_wconf 80' lang='lat' dir='ltr'><strong>catherinus</strong></span> <span class='ocrx_word' id='word_1_199' title='bbox 403 3559 511 3617; x_wconf 84' lang='lat' dir='ltr'><strong>;Saarcr.</strong></span> <span class='ocrx_word' id='word_1_200' title='bbox 525 3562 556 3610; x_wconf 85' lang='lat' dir='ltr'><strong>de</strong></span> <span class='ocrx_word' id='word_1_201' title='bbox 567 3563 680 3612; x_wconf 81' lang='lat' dir='ltr'><strong>locare.</strong></span> <span class='ocrx_word' id='word_1_202' title='bbox 695 3563 761 3624; x_wconf 85' lang='lat' dir='ltr'><strong>disp.</strong></span> <span class='ocrx_word' id='word_1_203' title='bbox 778 3563 802 3624; x_wconf 74' lang='grc' dir='ltr'><strong>ὅ,</strong></span> <span class='ocrx_word' id='word_1_204' title='bbox 818 3568 883 3614; x_wconf 88' lang='lat' dir='ltr'><strong>sect.</strong></span> <span class='ocrx_word' id='word_1_205' title='bbox 899 3563 924 3627; x_wconf 66' lang='grc' dir='ltr'><strong>ὃς</strong></span> <span class='ocrx_word' id='word_1_206' title='bbox 942 3563 1034 3616; x_wconf 82' lang='lat' dir='ltr'><strong>lsainb.</strong></span> <span class='ocrx_word' id='word_1_207' title='bbox 1047 3567 1097 3613; x_wconf 89' lang='lat' dir='ltr'><strong>etc.</strong></span> <span class='ocrx_word' id='word_1_208' title='bbox 1147 3577 1149 3582; x_wconf 69' lang='grc'><em>’</em></span> 
     </span>
    </p>
   </div>
   <div class='ocr_carea' id='block_1_3' title="bbox 0 0 1364 4116">
    <p class='ocr_par' dir='ltr' id='par_1_11' title="bbox 0 0 1364 4116">
     <span class='ocr_line' id='line_1_32' title="bbox 0 0 1364 4116; baseline 0 0"><span class='ocrx_word' id='word_1_209' title='bbox 0 0 1364 4116; x_wconf 95' lang='lat' dir='ltr'><strong> </strong></span> 
     </span>
    </p>
   </div>
  </div>
 </body>
</html>
