2710 4116
614 211 816 278 ...Mi-..-

222 343 453 448 sed'visionem
467 353 658 433 iniuideam,
674 337 855 420 ‘destinatus
868 353 923 420 snit
937 377 947 432 3
963 355 1019 421 scd
1038 361 1075 422 ea
1087 339 1206 438 inuitus

222 467 270 524 cst
286 458 383 525 modo
401 457 633 546 perfectissimo
649 465 667 522 a
681 461 785 545 primo
802 460 1021 546 conceptionis
1038 461 1183 529 instanti.

267 563 365 647 Quod
382 557 587 651 probandum
604 577 636 628 et
650 563 890 651 explicandum.

174 676 177 681 ’
267 669 431 738 Probatio.
449 669 651 736 -Cbristus
671 669 788 736 fruitus
809 677 858 736 est
883 670 1015 738 risione
1035 673 1204 742 intuitivb:

223 776 302 842 Nam
322 775 448 842 i⁰visio
475 775 619 841 intuitiva
646 787 694 841 est
724 776 1013 864 supernaturaliter
1042 781 1207 866 possibilis

222 882 342 949 animae
356 881 508 949 humanm
523 894 556 947 et
582 881 713 948 aliunde
730 884 871 948 animem
900 883 1076 950 humanam
1105 887 1206 973 pcrfiss

223 987 377 1056 sienem
391 991 487 1056 Joan.
511 991 541 1070 i,
560 990 613 1056 ib:
638 991 680 1056 Et
700 989 833 1055 Verbum
850 1011 928 1056 caro
949 993 1069 1075 factum
1091 1002 1148 1068 ecl,
1169 1003 1203 1056 ct

223 1093 386 1162 dubitavit
415 1099 450 1163 ia
467 1097 574 1176 nobis,
598 1108 628 1161 ct
645 1097 936 1182 vidirnncptorium
960 1097 1201 1180 redemptorium

131 1193 134 1198 ’
226 1203 323 1288 puori
345 1203 542 1290 Unipear‘tib
567 1205 686 1282 Patro,
706 1205 839 1287 pienum
858 1203 973 1288 prurire
992 1213 1024 1268 et
1043 1203 1204 1268 vadatis.

227 1306 370 1376 Verbum
382 1310 583 1379 incarnatum
598 1310 715 1376 dicitur·
727 1309 859 1398 plenum
869 1308 981 1392 gratiae
997 1316 1029 1374 et
1043 1308 1209 1388 veritatis3

228 1432 306 1499 crgo
322 1416 488 1482 veritatem
515 1415 655 1504 perfecte
681 1416 908 1500 cognoscebat,
928 1415 1063 1502 proinde
1085 1415 1212 1481 visione

228 1518 357 1586 iruitiva
384 1519 680 1587 fruebatur.'lbid.
707 1519 760 1597 17,
784 1519 840 1584 bd:
869 1519 979 1596 Pater,
996 1539 1076 1604 quos
1092 1519 1213 1584 dedisti

228 1625 310 1692 mibi
324 1628 397 1693 coto
414 1638 450 1692 rtt
464 1627 520 1694 nbi
528 1649 599 1694 curn
615 1647 684 1713 epo,
697 1637 725 1691 et
741 1626 790 1692 itti
805 1627 870 1692 aiat
884 1645 1020 1705 mecum,
1033 1627 1214 1691 utuideoat

229 1733 410 1798 claritatem
427 1753 530 1800 mecm
543 1754 641 1818 quarn
650 1733 768 1798 dedisti
779 1733 870 1798 mibi.
884 1731 1029 1798 Christus
1041 1752 1101 1818 pro
1113 1730 1213 1798 disci·

120 1891 128 1898 .
229 1836 315 1924 pulis
342 1835 477 1920 rogabat
503 1837 680 1904 claritatem
708 1843 771 1924 qud
802 1837 993 1916 [ruebatur3
1015 1858 1115 1926 porro
1141 1837 1214 1904 haec

228 1939 359 2006 claritas
375 1941 456 2006 nihil
471 1941 558 2008 alind
575 1956 623 2010 est
638 1950 737 2030 quam
749 1944 828 2010 visio
839 1945 996 2025 intuitira,
1011 1964 1089 2028 crgo
1101 1943 1212 2011 Cirris-

230 2054 282 2112 tus
297 2043 420 2112 risione
434 2045 579 2114 intuitivd
594 2047 776 2114 fruebatur.

185 2214 191 2225 ,
275 2150 402 2217 Fruitur
415 2168 463 2221 est
475 2155 572 2220 modo
590 2155 852 2242 perfectissimob
868 2155 972 2242 primo
990 2151 1205 2242 conceptionis

230 2259 373 2324 instanti.
392 2259 559 2346 Siquidem
578 2261 761 2328 humanitas
779 2261 894 2328 Christi
921 2261 1034 2326 debuit
1050 2281 1122 2330 esse
1137 2279 1211 2348 per-

217 2364 402 2444 ,iectissima
420 2375 526 2434 statim
541 2380 636 2454 atquc
650 2367 710 2434 iuit
724 2369 829 2436 Verbo
848 2368 955 2432 diuino
969 2368 1069 2444 unita;
1083 2372 1212 2453 porrob

230 2471 337 2558 primo
351 2471 570 2558 conceptionis
582 2471 710 2538 instanti
725 2472 907 2538 humanitas
921 2470 1037 2537 Christi
1048 2471 1110 2537 suit
1123 2471 1213 2538 uuita

230 2579 351 2661 Verbo,
364 2593 398 2647 ut
415 2580 496 2647 infr'a
511 2581 696 2650 videbimus
709 2582 766 2664 (i).

268 2834 304 2900 (t)
323 2837 371 2887 Hic
388 2838 500 2888 occurrit
523 2837 657 2888 difficultas
682 2837 697 2886 b
711 2836 840 2899 plerisque
857 2841 1006 2886 memorata.
1025 2835 1051 2884 Si
1066 2833 1215 2885 Christusa

169 2955 172 2962 ‚
232 2917 316 2980 primo
329 2918 505 2979 conceptionis
519 2917 625 2967 instanti
638 2917 814 2966 indesinenter
828 2915 921 2965 fruitus
934 2921 976 2966 est
989 2914 1087 2965 risione
1095 2913 1215 2963 iuratust

186 3035 190 3045 .
232 2996 310 3046 modo
333 2996 539 3058 perfectissimo,
568 2996 697 3057 quomodo
722 2996 797 3045 simut
820 2996 845 3043 in
873 2995 965 3046 ebdom
990 2992 1118 3057 superiori
1140 2997 1215 3055 parte

233 3073 323 3122 anime
337 3074 392 3136 cjns
407 3075 542 3136 aliquando
553 3075 664 3136 potuerit
677 3087 736 3124 esso
750 3075 887 3124 tristitiact
896 3075 969 3124 vaide
983 3072 1094 3138 magnai
1109 3071 1216 3122 Diverse

233 3151 391 3212 respondent
402 3150 526 3216 theologi.
539 3155 613 3203 Juxta
630 3156 734 3216 suarez,
752 3155 824 3216 cujus
839 3154 993 3202 sententiam
1008 3153 1106 3202 tanturn
1121 3150 1217 3200 cetere

231 3243 299 3293 mus,
314 3233 430 3294 quamuis
444 3232 547 3282 tristitia
562 3239 588 3282 et
601 3233 722 3298 gaudium
737 3234 789 3283 siut
802 3233 941 3292 contraria,
957 3233 1041 3282 divinet
1056 3238 1142 3280 tamen
1159 3230 1215 3279 vir-

234 3313 299 3372 tuto,
315 3311 376 3362 iicet
389 3324 438 3361 non
454 3313 551 3376 uiasque
567 3313 700 3373 miraculo,
728 3313 784 3361 tiori
798 3313 881 3374 potuit
896 3319 923 3360 nt
935 3313 1011 3362 simut
1022 3311 1216 3374 coniungeren-

234 3396 277 3438 tur
294 3390 320 3438 in
334 3389 425 3440 cadem
439 3391 571 3442 voluntate
593 3391 689 3442 Christi
712 3392 831 3454 panadium
855 3399 881 3439 ot
899 3391 1003 3442 tristitia
1024 3391 1092 3440 circa
1112 3389 1216 3438 divorsa

235 3465 345 3527 objecta,
358 3469 410 3518 imo
421 3470 488 3518 circa
503 3471 571 3520 idern
583 3471 712 3532 oirjcctnnr
721 3471 768 3519 sub
783 3471 975 3520 dircrsotarucn
987 3475 1117 3534 respectu.
1135 3469 1216 3520 Com—

237 3547 317 3592 mcnt.
333 3547 363 3595 to
377 3549 423 3595 3⁰¹³
435 3551 509 3606 port.
528 3563 553 3610 qa
571 3549 611 3608 18,
624 3555 671 3598 art.
688 3549 713 3610 6,
729 3556 792 3598 scot.
809 3550 833 3597 5.
