<?xml version="1.0" encoding="UTF-8"?>
<!DOCTYPE html PUBLIC "-//W3C//DTD XHTML 1.0 Transitional//EN"
    "http://www.w3.org/TR/xhtml1/DTD/xhtml1-transitional.dtd">
<html xmlns="http://www.w3.org/1999/xhtml" xml:lang="en" lang="en">
 <head>
  <title>
</title>
<meta http-equiv="Content-Type" content="text/html;charset=utf-8" />
  <meta name='ocr-system' content='tesseract 3.04.00' />
  <meta name='ocr-capabilities' content='ocr_page ocr_carea ocr_par ocr_line ocrx_word'/>
</head>
<body>
  <div class='ocr_page' id='page_1' title='image "./theologiadogmat03fraigoog_0259.png"; bbox 0 0 2710 4116; ppageno 0'>
   <div class='ocr_carea' id='block_1_1' title="bbox 612 241 813 307">
    <p class='ocr_par' dir='ltr' id='par_1_1' title="bbox 612 241 813 307">
     <span class='ocr_line' id='line_1_1' title="bbox 612 241 813 307; baseline -0.005 0"><span class='ocrx_word' id='word_1_1' title='bbox 612 241 813 307; x_wconf 65' lang='lat' dir='ltr'>-ilss-</span> 
     </span>
    </p>
   </div>
   <div class='ocr_carea' id='block_1_2' title="bbox 191 379 1321 2884">
    <p class='ocr_par' dir='ltr' id='par_1_2' title="bbox 221 379 1321 1320">
     <span class='ocr_line' id='line_1_2' title="bbox 222 379 1203 478; baseline -0.005 -21"><span class='ocrx_word' id='word_1_2' title='bbox 222 407 295 478; x_wconf 84' lang='lat' dir='ltr'>quae</span> <span class='ocrx_word' id='word_1_3' title='bbox 306 395 486 474; x_wconf 77' lang='lat' dir='ltr'>repugnant</span> <span class='ocrx_word' id='word_1_4' title='bbox 499 379 608 448; x_wconf 89' lang='lat' dir='ltr'>unioni</span> <span class='ocrx_word' id='word_1_5' title='bbox 626 381 846 470; x_wconf 75' lang='lat' dir='ltr'>hypostaticae,</span> <span class='ocrx_word' id='word_1_6' title='bbox 865 379 977 446; x_wconf 82' lang='lat' dir='ltr'>visioni</span> <span class='ocrx_word' id='word_1_7' title='bbox 995 381 1152 451; x_wconf 75' lang='lat' dir='ltr'>intuitivae</span> <span class='ocrx_word' id='word_1_8' title='bbox 1173 398 1203 452; x_wconf 92' lang='lat' dir='ltr'>et</span> 
     </span>
     <span class='ocr_line' id='line_1_3' title="bbox 221 485 1203 588; baseline 0 -30"><span class='ocrx_word' id='word_1_9' title='bbox 221 487 409 580; x_wconf 79' lang='lat' dir='ltr'>perfectioni</span> <span class='ocrx_word' id='word_1_10' title='bbox 441 486 677 576; x_wconf 76' lang='lat' dir='ltr'>supernaturali</span> <span class='ocrx_word' id='word_1_11' title='bbox 710 498 741 550; x_wconf 87' lang='lat' dir='ltr'>et</span> <span class='ocrx_word' id='word_1_12' title='bbox 769 485 919 550; x_wconf 88' lang='lat' dir='ltr'>naturali.</span> <span class='ocrx_word' id='word_1_13' title='bbox 948 485 1000 551; x_wconf 87' lang='lat' dir='ltr'>Sia</span> <span class='ocrx_word' id='word_1_14' title='bbox 1033 487 1203 588; x_wconf 87' lang='lat' dir='ltr'>inspeoie</span> 
     </span>
     <span class='ocr_line' id='line_1_4' title="bbox 222 591 1202 681; baseline -0.001 -18"><span class='ocrx_word' id='word_1_15' title='bbox 222 594 367 664; x_wconf 85' lang='lat' dir='ltr'>Christus</span> <span class='ocrx_word' id='word_1_16' title='bbox 385 615 448 660; x_wconf 92' lang='lat' dir='ltr'>non</span> <span class='ocrx_word' id='word_1_17' title='bbox 464 593 576 660; x_wconf 87' lang='lat' dir='ltr'>habuit</span> <span class='ocrx_word' id='word_1_18' title='bbox 588 592 703 672; x_wconf 90' lang='lat' dir='ltr'>lidem;</span> <span class='ocrx_word' id='word_1_19' title='bbox 724 591 804 658; x_wconf 85' lang='lat' dir='ltr'>lidos</span> <span class='ocrx_word' id='word_1_20' title='bbox 818 591 904 657; x_wconf 87' lang='lat' dir='ltr'>enim</span> <span class='ocrx_word' id='word_1_21' title='bbox 918 604 966 657; x_wconf 90' lang='lat' dir='ltr'>est</span> <span class='ocrx_word' id='word_1_22' title='bbox 978 592 1116 660; x_wconf 84' lang='lat' dir='ltr'>obseura</span> <span class='ocrx_word' id='word_1_23' title='bbox 1132 615 1202 681; x_wconf 87' lang='lat' dir='ltr'>aog-</span> 
     </span>
     <span class='ocr_line' id='line_1_5' title="bbox 221 698 1208 788; baseline 0 -20"><span class='ocrx_word' id='word_1_24' title='bbox 221 703 314 782; x_wconf 89' lang='lat' dir='ltr'>nitio‚</span> <span class='ocrx_word' id='word_1_25' title='bbox 334 700 582 788; x_wconf 80' lang='lat' dir='ltr'>incompatilvilis</span> <span class='ocrx_word' id='word_1_26' title='bbox 608 719 682 766; x_wconf 85' lang='lat' dir='ltr'>aura</span> <span class='ocrx_word' id='word_1_27' title='bbox 700 699 823 764; x_wconf 83' lang='lat' dir='ltr'>visione</span> <span class='ocrx_word' id='word_1_28' title='bbox 848 698 994 765; x_wconf 77' lang='lat' dir='ltr'>intuitiva</span> <span class='ocrx_word' id='word_1_29' title='bbox 1020 709 1051 765; x_wconf 87' lang='lat' dir='ltr'>et</span> <span class='ocrx_word' id='word_1_30' title='bbox 1073 701 1208 768; x_wconf 74' lang='lat' dir='ltr'>seientia</span> 
     </span>
     <span class='ocr_line' id='line_1_6' title="bbox 221 805 1207 894; baseline -0.001 -18"><span class='ocrx_word' id='word_1_31' title='bbox 221 809 340 876; x_wconf 86' lang='lat' dir='ltr'>intusa.</span> <span class='ocrx_word' id='word_1_32' title='bbox 359 807 427 874; x_wconf 90' lang='lat' dir='ltr'>Non</span> <span class='ocrx_word' id='word_1_33' title='bbox 453 806 564 872; x_wconf 88' lang='lat' dir='ltr'>habuit</span> <span class='ocrx_word' id='word_1_34' title='bbox 584 827 696 894; x_wconf 85' lang='lat' dir='ltr'>spem;</span> <span class='ocrx_word' id='word_1_35' title='bbox 720 826 794 892; x_wconf 85' lang='lat' dir='ltr'>spes</span> <span class='ocrx_word' id='word_1_36' title='bbox 812 805 898 870; x_wconf 89' lang='lat' dir='ltr'>onim</span> <span class='ocrx_word' id='word_1_37' title='bbox 925 807 1078 893; x_wconf 78' lang='lat' dir='ltr'>supponit</span> <span class='ocrx_word' id='word_1_38' title='bbox 1093 808 1207 875; x_wconf 90' lang='lat' dir='ltr'>absen-</span> 
     </span>
     <span class='ocr_line' id='line_1_7' title="bbox 223 909 1206 1000; baseline 0.002 -20"><span class='ocrx_word' id='word_1_39' title='bbox 223 913 301 980; x_wconf 85' lang='lat' dir='ltr'>tiam</span> <span class='ocrx_word' id='word_1_40' title='bbox 331 910 448 999; x_wconf 87' lang='lat' dir='ltr'>objeoti</span> <span class='ocrx_word' id='word_1_41' title='bbox 477 910 547 998; x_wconf 85' lang='lat' dir='ltr'>ojus</span> <span class='ocrx_word' id='word_1_42' title='bbox 572 911 729 1000; x_wconf 90' lang='lat' dir='ltr'>primarii,</span> <span class='ocrx_word' id='word_1_43' title='bbox 751 909 872 976; x_wconf 85' lang='lat' dir='ltr'>soilioet</span> <span class='ocrx_word' id='word_1_44' title='bbox 894 909 1025 976; x_wconf 88' lang='lat' dir='ltr'>visionis</span> <span class='ocrx_word' id='word_1_45' title='bbox 1051 912 1206 982; x_wconf 75' lang='lat' dir='ltr'>i&#39;atuv&#39;tivae</span> 
     </span>
     <span class='ocr_line' id='line_1_8' title="bbox 223 1016 1202 1114; baseline 0 -30"><span class='ocrx_word' id='word_1_46' title='bbox 223 1037 297 1108; x_wconf 88' lang='lat' dir='ltr'>quae</span> <span class='ocrx_word' id='word_1_47' title='bbox 310 1018 431 1108; x_wconf 91' lang='lat' dir='ltr'>sperari</span> <span class='ocrx_word' id='word_1_48' title='bbox 446 1039 510 1085; x_wconf 91' lang='lat' dir='ltr'>non</span> <span class='ocrx_word' id='word_1_49' title='bbox 524 1025 628 1106; x_wconf 87' lang='lat' dir='ltr'>potest</span> <span class='ocrx_word' id='word_1_50' title='bbox 638 1018 678 1084; x_wconf 91' lang='lat' dir='ltr'>ub</span> <span class='ocrx_word' id='word_1_51' title='bbox 691 1038 730 1084; x_wconf 89' lang='lat' dir='ltr'>eo</span> <span class='ocrx_word' id='word_1_52' title='bbox 745 1018 799 1108; x_wconf 89' lang='lat' dir='ltr'>qui</span> <span class='ocrx_word' id='word_1_53' title='bbox 814 1023 883 1114; x_wconf 83' lang='lat' dir='ltr'>eam</span> <span class='ocrx_word' id='word_1_54' title='bbox 898 1016 1049 1105; x_wconf 91' lang='lat' dir='ltr'>possidet.</span> <span class='ocrx_word' id='word_1_55' title='bbox 1063 1017 1129 1083; x_wconf 92' lang='lat' dir='ltr'>Non</span> <span class='ocrx_word' id='word_1_56' title='bbox 1143 1018 1202 1085; x_wconf 87' lang='lat' dir='ltr'>lra-</span> 
     </span>
     <span class='ocr_line' id='line_1_9' title="bbox 222 1119 1201 1216; baseline 0 -24"><span class='ocrx_word' id='word_1_57' title='bbox 222 1123 294 1192; x_wconf 87' lang='lat' dir='ltr'>buit</span> <span class='ocrx_word' id='word_1_58' title='bbox 309 1124 553 1215; x_wconf 69' lang='lat' dir='ltr'>punitentiam‚</span> <span class='ocrx_word' id='word_1_59' title='bbox 578 1145 651 1211; x_wconf 89' lang='lat' dir='ltr'>quae</span> <span class='ocrx_word' id='word_1_60' title='bbox 668 1124 819 1211; x_wconf 90' lang='lat' dir='ltr'>supponit</span> <span class='ocrx_word' id='word_1_61' title='bbox 836 1135 1006 1212; x_wconf 87' lang='lat' dir='ltr'>peceatum</span> <span class='ocrx_word' id='word_1_62' title='bbox 1023 1119 1201 1216; x_wconf 88' lang='lat' dir='ltr'>proprium,</span> 
     </span>
     <span class='ocr_line' id='line_1_10' title="bbox 223 1229 821 1320; baseline 0.002 -24"><span class='ocrx_word' id='word_1_63' title='bbox 223 1231 312 1320; x_wconf 89' lang='lat' dir='ltr'>quod</span> <span class='ocrx_word' id='word_1_64' title='bbox 334 1244 403 1298; x_wconf 90' lang='lat' dir='ltr'>erat</span> <span class='ocrx_word' id='word_1_65' title='bbox 414 1231 446 1297; x_wconf 93' lang='lat' dir='ltr'>in</span> <span class='ocrx_word' id='word_1_66' title='bbox 464 1229 590 1298; x_wconf 83' lang='lat' dir='ltr'>Christo</span> <span class='ocrx_word' id='word_1_67' title='bbox 608 1229 821 1318; x_wconf 87' lang='lat' dir='ltr'>impossibile.</span> 
     </span>
    </p>

    <p class='ocr_par' dir='ltr' id='par_1_3' title="bbox 191 1299 1321 2884">
     <span class='ocr_line' id='line_1_11' title="bbox 267 1299 1321 1426; baseline -0.003 -21"><span class='ocrx_word' id='word_1_68' title='bbox 267 1337 632 1426; x_wconf 73' lang='lat' dir='ltr'>uaounaonaspnnas</span> <span class='ocrx_word' id='word_1_69' title='bbox 650 1337 778 1404; x_wconf 73' lang='lat' dir='ltr'>sanan:</span> <span class='ocrx_word' id='word_1_70' title='bbox 797 1337 927 1402; x_wconf 77' lang='lat' dir='ltr'>nonum</span> <span class='ocrx_word' id='word_1_71' title='bbox 944 1336 1082 1424; x_wconf 60' lang='lat' dir='ltr'>spinas</span> <span class='ocrx_word' id='word_1_72' title='bbox 1099 1335 1134 1403; x_wconf 87' lang='lat' dir='ltr'>s.</span> <span class='ocrx_word' id='word_1_73' title='bbox 1163 1343 1210 1404; x_wconf 79' lang='lat' dir='ltr'>est</span> <span class='ocrx_word' id='word_1_74' title='bbox 1320 1299 1321 1384; x_wconf 83' lang='lat' dir='ltr'>l</span> 
     </span>
     <span class='ocr_line' id='line_1_12' title="bbox 222 1441 1210 1536; baseline 0 -26"><span class='ocrx_word' id='word_1_75' title='bbox 222 1443 358 1532; x_wconf 83' lang='lat' dir='ltr'>qualitas</span> <span class='ocrx_word' id='word_1_76' title='bbox 379 1443 647 1536; x_wconf 89' lang='lat' dir='ltr'>supernaturalis,</span> <span class='ocrx_word' id='word_1_77' title='bbox 670 1449 735 1532; x_wconf 77' lang='lat' dir='ltr'>qua</span> <span class='ocrx_word' id='word_1_78' title='bbox 751 1441 849 1508; x_wconf 82' lang='lat' dir='ltr'>lromo</span> <span class='ocrx_word' id='word_1_79' title='bbox 866 1443 949 1508; x_wconf 79' lang='lat' dir='ltr'>bene</span> <span class='ocrx_word' id='word_1_80' title='bbox 967 1441 1153 1530; x_wconf 87' lang='lat' dir='ltr'>disponitur</span> <span class='ocrx_word' id='word_1_81' title='bbox 1169 1441 1210 1536; x_wconf 84' lang='lat' dir='ltr'>ad</span> 
     </span>
     <span class='ocr_line' id='line_1_13' title="bbox 221 1541 1321 1640; baseline -0.002 -23"><span class='ocrx_word' id='word_1_82' title='bbox 221 1551 507 1618; x_wconf 84' lang='lat' dir='ltr'>extraordinarium</span> <span class='ocrx_word' id='word_1_83' title='bbox 525 1551 766 1640; x_wconf 85' lang='lat' dir='ltr'>inspirationem</span> <span class='ocrx_word' id='word_1_84' title='bbox 785 1541 925 1616; x_wconf 84' lang='lat' dir='ltr'>divinam</span> <span class='ocrx_word' id='word_1_85' title='bbox 943 1557 1091 1637; x_wconf 80' lang='lat' dir='ltr'>prompte</span> <span class='ocrx_word' id='word_1_86' title='bbox 1119 1551 1205 1616; x_wconf 85' lang='lat' dir='ltr'>reni·</span> <span class='ocrx_word' id='word_1_87' title='bbox 1320 1603 1321 1626; x_wconf 22' lang='grc' dir='ltr'>ἒ</span> 
     </span>
     <span class='ocr_line' id='line_1_14' title="bbox 191 1653 1321 1750; baseline 0.002 -28"><span class='ocrx_word' id='word_1_88' title='bbox 191 1745 193 1750; x_wconf 23' lang='grc' dir='ltr'>Ι</span> <span class='ocrx_word' id='word_1_89' title='bbox 220 1657 373 1746; x_wconf 90' lang='lat' dir='ltr'>piendam</span> <span class='ocrx_word' id='word_1_90' title='bbox 391 1670 423 1723; x_wconf 88' lang='lat' dir='ltr'>et</span> <span class='ocrx_word' id='word_1_91' title='bbox 440 1659 692 1743; x_wconf 82' lang='lat' dir='ltr'>exsequendam.</span> <span class='ocrx_word' id='word_1_92' title='bbox 718 1658 846 1744; x_wconf 84' lang='lat' dir='ltr'>Septem</span> <span class='ocrx_word' id='word_1_93' title='bbox 865 1668 939 1722; x_wconf 91' lang='lat' dir='ltr'>sunt</span> <span class='ocrx_word' id='word_1_94' title='bbox 967 1653 1049 1722; x_wconf 77' lang='lat' dir='ltr'>inira</span> <span class='ocrx_word' id='word_1_95' title='bbox 1072 1677 1208 1724; x_wconf 90' lang='lat' dir='ltr'>enume-</span> <span class='ocrx_word' id='word_1_96' title='bbox 1320 1705 1321 1708; x_wconf 63' lang='lat'>,</span> 
     </span>
     <span class='ocr_line' id='line_1_15' title="bbox 220 1759 1206 1849; baseline -0.002 -20"><span class='ocrx_word' id='word_1_97' title='bbox 220 1765 334 1830; x_wconf 91' lang='lat' dir='ltr'>randa.</span> <span class='ocrx_word' id='word_1_98' title='bbox 364 1761 507 1830; x_wconf 89' lang='lat' dir='ltr'>Christus</span> <span class='ocrx_word' id='word_1_99' title='bbox 534 1762 648 1827; x_wconf 86' lang='lat' dir='ltr'>habuit</span> <span class='ocrx_word' id='word_1_100' title='bbox 672 1763 756 1827; x_wconf 90' lang='lat' dir='ltr'>dona</span> <span class='ocrx_word' id='word_1_101' title='bbox 788 1759 964 1849; x_wconf 75' lang='lat' dir='ltr'>praedicta:</span> <span class='ocrx_word' id='word_1_102' title='bbox 992 1761 1068 1828; x_wconf 90' lang='lat' dir='ltr'>Luo.</span> <span class='ocrx_word' id='word_1_103' title='bbox 1100 1764 1134 1842; x_wconf 77' lang='lat' dir='ltr'>l,</span> <span class='ocrx_word' id='word_1_104' title='bbox 1171 1763 1206 1829; x_wconf 92' lang='lat' dir='ltr'>l:</span> 
     </span>
     <span class='ocr_line' id='line_1_16' title="bbox 219 1865 1321 1954; baseline 0.005 -23"><span class='ocrx_word' id='word_1_105' title='bbox 219 1867 312 1932; x_wconf 76' lang='lat' dir='ltr'>leutio</span> <span class='ocrx_word' id='word_1_106' title='bbox 328 1876 435 1932; x_wconf 79' lang='lat' dir='ltr'>auteur</span> <span class='ocrx_word' id='word_1_107' title='bbox 443 1865 561 1952; x_wconf 72' lang='lat' dir='ltr'>plenus</span> <span class='ocrx_word' id='word_1_108' title='bbox 576 1866 701 1952; x_wconf 84' lang='lat' dir='ltr'>Spiritu</span> <span class='ocrx_word' id='word_1_109' title='bbox 721 1865 839 1933; x_wconf 83' lang='lat' dir='ltr'>Sancto</span> <span class='ocrx_word' id='word_1_110' title='bbox 854 1878 1084 1954; x_wconf 80' lang='lat' dir='ltr'>reproaauaost</span> <span class='ocrx_word' id='word_1_111' title='bbox 1101 1869 1122 1933; x_wconf 85' lang='grc' dir='ltr'><em>ὰ</em></span> <span class='ocrx_word' id='word_1_112' title='bbox 1139 1869 1210 1936; x_wconf 78' lang='lat' dir='ltr'>Jor-</span> <span class='ocrx_word' id='word_1_113' title='bbox 1320 1875 1321 1878; x_wconf 73' lang='grc'>’</span> 
     </span>
     <span class='ocr_line' id='line_1_17' title="bbox 220 1969 1206 2057; baseline 0.004 -20"><span class='ocrx_word' id='word_1_114' title='bbox 220 1971 326 2048; x_wconf 84' lang='lat' dir='ltr'>doroe;</span> <span class='ocrx_word' id='word_1_115' title='bbox 345 1979 374 2032; x_wconf 87' lang='lat' dir='ltr'>et</span> <span class='ocrx_word' id='word_1_116' title='bbox 385 1969 547 2054; x_wconf 84' lang='lat' dir='ltr'>opebotur</span> <span class='ocrx_word' id='word_1_117' title='bbox 559 1972 580 2036; x_wconf 77' lang='lat' dir='ltr'>o</span> <span class='ocrx_word' id='word_1_118' title='bbox 591 1969 716 2056; x_wconf 82' lang='lat' dir='ltr'>Spiritu</span> <span class='ocrx_word' id='word_1_119' title='bbox 732 1971 766 2036; x_wconf 83' lang='lat' dir='ltr'>in</span> <span class='ocrx_word' id='word_1_120' title='bbox 775 1973 949 2038; x_wconf 81' lang='lat' dir='ltr'>desertum.</span> <span class='ocrx_word' id='word_1_121' title='bbox 962 1973 1044 2057; x_wconf 82' lang='lat' dir='ltr'>Ergo</span> <span class='ocrx_word' id='word_1_122' title='bbox 1057 1971 1206 2041; x_wconf 86' lang='lat' dir='ltr'>Christus</span> 
     </span>
     <span class='ocr_line' id='line_1_18' title="bbox 220 2073 1198 2163; baseline 0 -21"><span class='ocrx_word' id='word_1_123' title='bbox 220 2073 438 2142; x_wconf 80' lang='lat' dir='ltr'>movebatura</span> <span class='ocrx_word' id='word_1_124' title='bbox 456 2074 575 2163; x_wconf 83' lang='lat' dir='ltr'>Spiritu</span> <span class='ocrx_word' id='word_1_125' title='bbox 593 2077 727 2156; x_wconf 85' lang='lat' dir='ltr'>Saueto;</span> <span class='ocrx_word' id='word_1_126' title='bbox 759 2097 848 2163; x_wconf 83' lang='lat' dir='ltr'>ergo,</span> <span class='ocrx_word' id='word_1_127' title='bbox 869 2082 944 2144; x_wconf 80' lang='lat' dir='ltr'>eiam</span> <span class='ocrx_word' id='word_1_128' title='bbox 961 2075 1057 2144; x_wconf 89' lang='lat' dir='ltr'>luerit</span> <span class='ocrx_word' id='word_1_129' title='bbox 1086 2099 1198 2144; x_wconf 83' lang='lat' dir='ltr'>seeun-</span> 
     </span>
     <span class='ocr_line' id='line_1_19' title="bbox 217 2167 1201 2275; baseline 0.004 -29"><span class='ocrx_word' id='word_1_130' title='bbox 217 2180 297 2246; x_wconf 90' lang='lat' dir='ltr'>dum</span> <span class='ocrx_word' id='word_1_131' title='bbox 313 2181 420 2246; x_wconf 90' lang='lat' dir='ltr'>omnia</span> <span class='ocrx_word' id='word_1_132' title='bbox 438 2179 611 2270; x_wconf 84' lang='lat' dir='ltr'>perlectus,</span> <span class='ocrx_word' id='word_1_133' title='bbox 626 2182 710 2250; x_wconf 74' lang='lat' dir='ltr'>bone</span> <span class='ocrx_word' id='word_1_134' title='bbox 724 2167 958 2272; x_wconf 83' lang='lat' dir='ltr'>disponebatur</span> <span class='ocrx_word' id='word_1_135' title='bbox 974 2184 1015 2250; x_wconf 82' lang='lat' dir='ltr'>avl</span> <span class='ocrx_word' id='word_1_136' title='bbox 1041 2183 1201 2275; x_wconf 83' lang='lat' dir='ltr'>reeipien-</span> 
     </span>
     <span class='ocr_line' id='line_1_20' title="bbox 217 2287 1207 2379; baseline 0.002 -23"><span class='ocrx_word' id='word_1_137' title='bbox 217 2287 293 2356; x_wconf 86' lang='lat' dir='ltr'>dam</span> <span class='ocrx_word' id='word_1_138' title='bbox 310 2301 342 2356; x_wconf 87' lang='lat' dir='ltr'>ot</span> <span class='ocrx_word' id='word_1_139' title='bbox 357 2290 559 2378; x_wconf 85' lang='lat' dir='ltr'>sequendam</span> <span class='ocrx_word' id='word_1_140' title='bbox 575 2288 646 2379; x_wconf 82' lang='lat' dir='ltr'>ejus</span> <span class='ocrx_word' id='word_1_141' title='bbox 660 2291 839 2370; x_wconf 81' lang='lat' dir='ltr'>actionem3</span> <span class='ocrx_word' id='word_1_142' title='bbox 854 2289 998 2378; x_wconf 87' lang='lat' dir='ltr'>alioquin</span> <span class='ocrx_word' id='word_1_143' title='bbox 1012 2310 1076 2358; x_wconf 91' lang='lat' dir='ltr'>non</span> <span class='ocrx_word' id='word_1_144' title='bbox 1091 2291 1207 2360; x_wconf 89' lang='lat' dir='ltr'>luisset</span> 
     </span>
     <span class='ocr_line' id='line_1_21' title="bbox 206 2391 1206 2488; baseline 0.004 -28"><span class='ocrx_word' id='word_1_145' title='bbox 206 2391 362 2483; x_wconf 30' lang='lat' dir='ltr'>*perfecto</span> <span class='ocrx_word' id='word_1_146' title='bbox 385 2395 454 2462; x_wconf 87' lang='lat' dir='ltr'>Deo</span> <span class='ocrx_word' id='word_1_147' title='bbox 472 2395 650 2487; x_wconf 78' lang='lat' dir='ltr'>subjectus,</span> <span class='ocrx_word' id='word_1_148' title='bbox 677 2417 743 2488; x_wconf 26' lang='lat' dir='ltr'>neo,</span> <span class='ocrx_word' id='word_1_149' title='bbox 758 2397 894 2486; x_wconf 76' lang='lat' dir='ltr'>proinde</span> <span class='ocrx_word' id='word_1_150' title='bbox 911 2410 1030 2464; x_wconf 85' lang='lat' dir='ltr'>reatus.</span> <span class='ocrx_word' id='word_1_151' title='bbox 1048 2399 1126 2465; x_wconf 87' lang='lat' dir='ltr'>lsai.</span> <span class='ocrx_word' id='word_1_152' title='bbox 1150 2391 1206 2479; x_wconf 88' lang='lat' dir='ltr'>ll,</span> 
     </span>
     <span class='ocr_line' id='line_1_22' title="bbox 220 2488 1211 2606; baseline 0.006 -40"><span class='ocrx_word' id='word_1_153' title='bbox 220 2502 262 2567; x_wconf 74' lang='lat'>2:</span> <span class='ocrx_word' id='word_1_154' title='bbox 278 2488 461 2590; x_wconf 75' lang='lat' dir='ltr'>Repuiosoot</span> <span class='ocrx_word' id='word_1_155' title='bbox 476 2525 574 2589; x_wconf 81' lang='lat' dir='ltr'>artpar</span> <span class='ocrx_word' id='word_1_156' title='bbox 589 2527 661 2572; x_wconf 82' lang='lat' dir='ltr'>eum</span> <span class='ocrx_word' id='word_1_157' title='bbox 676 2503 817 2590; x_wconf 82' lang='lat' dir='ltr'>Spiritus</span> <span class='ocrx_word' id='word_1_158' title='bbox 835 2505 987 2570; x_wconf 84' lang='lat' dir='ltr'>Domini:</span> <span class='ocrx_word' id='word_1_159' title='bbox 1002 2499 1141 2606; x_wconf 63' lang='lat' dir='ltr'>ppiritua</span> <span class='ocrx_word' id='word_1_160' title='bbox 1158 2525 1211 2572; x_wconf 78' lang='lat' dir='ltr'>aa·</span> 
     </span>
     <span class='ocr_line' id='line_1_23' title="bbox 215 2607 1321 2697; baseline 0.004 -25"><span class='ocrx_word' id='word_1_161' title='bbox 215 2607 346 2693; x_wconf 74' lang='lat' dir='ltr'>pientiae</span> <span class='ocrx_word' id='word_1_162' title='bbox 373 2619 402 2674; x_wconf 85' lang='lat' dir='ltr'>et</span> <span class='ocrx_word' id='word_1_163' title='bbox 421 2609 616 2690; x_wconf 75' lang='lat' dir='ltr'>intellectus,</span> <span class='ocrx_word' id='word_1_164' title='bbox 633 2610 770 2697; x_wconf 79' lang='lat' dir='ltr'>spiritua</span> <span class='ocrx_word' id='word_1_165' title='bbox 790 2609 919 2674; x_wconf 85' lang='lat' dir='ltr'>consilii</span> <span class='ocrx_word' id='word_1_166' title='bbox 934 2619 963 2674; x_wconf 86' lang='lat' dir='ltr'>et</span> <span class='ocrx_word' id='word_1_167' title='bbox 983 2609 1209 2693; x_wconf 72' lang='lat' dir='ltr'>fortitudinia,</span> <span class='ocrx_word' id='word_1_168' title='bbox 1320 2677 1321 2684; x_wconf 7' lang='lat' dir='ltr'>a</span> 
     </span>
     <span class='ocr_line' id='line_1_24' title="bbox 217 2711 1212 2800; baseline 0.009 -25"><span class='ocrx_word' id='word_1_169' title='bbox 217 2711 353 2796; x_wconf 79' lang='lat' dir='ltr'>spiritua</span> <span class='ocrx_word' id='word_1_170' title='bbox 374 2712 514 2778; x_wconf 81' lang='lat' dir='ltr'>scientiae</span> <span class='ocrx_word' id='word_1_171' title='bbox 538 2723 567 2778; x_wconf 88' lang='lat' dir='ltr'>at</span> <span class='ocrx_word' id='word_1_172' title='bbox 588 2713 734 2797; x_wconf 77' lang='lat' dir='ltr'>pietatis,</span> <span class='ocrx_word' id='word_1_173' title='bbox 754 2720 783 2777; x_wconf 87' lang='lat' dir='ltr'>et</span> <span class='ocrx_word' id='word_1_174' title='bbox 807 2711 941 2798; x_wconf 79' lang='lat' dir='ltr'>replebit</span> <span class='ocrx_word' id='word_1_175' title='bbox 970 2719 1042 2778; x_wconf 83' lang='lat' dir='ltr'>oum</span> <span class='ocrx_word' id='word_1_176' title='bbox 1067 2713 1212 2800; x_wconf 75' lang='lat' dir='ltr'>spiritus</span> 
     </span>
     <span class='ocr_line' id='line_1_25' title="bbox 219 2817 1159 2884; baseline 0.007 -2"><span class='ocrx_word' id='word_1_177' title='bbox 219 2817 343 2883; x_wconf 77' lang='lat' dir='ltr'>timoris</span> <span class='ocrx_word' id='word_1_178' title='bbox 360 2817 506 2884; x_wconf 83' lang='lat' dir='ltr'>Domini.</span> <span class='ocrx_word' id='word_1_179' title='bbox 590 2837 594 2840; x_wconf 88' lang='grc'><strong><em>·</em></strong></span> <span class='ocrx_word' id='word_1_180' title='bbox 1157 2845 1159 2850; x_wconf 72' lang='grc'>’</span> 
     </span>
    </p>
   </div>
   <div class='ocr_carea' id='block_1_3' title="bbox 214 2921 1321 3648">
    <p class='ocr_par' dir='ltr' id='par_1_4' title="bbox 214 2921 1321 3648">
     <span class='ocr_line' id='line_1_26' title="bbox 250 2921 1321 3016; baseline 0.004 -26"><span class='ocrx_word' id='word_1_181' title='bbox 250 2921 1067 3010; x_wconf 71' lang='lat' dir='ltr'>llabuitgratiasgratlsdatas:Gratiagratisdata&#39;e‘st</span> <span class='ocrx_word' id='word_1_182' title='bbox 1078 2925 1213 3008; x_wconf 89' lang='lat' dir='ltr'>donum</span> <span class='ocrx_word' id='word_1_183' title='bbox 1320 2957 1321 3016; x_wconf 61' lang='lat'><em>3</em></span> 
     </span>
     <span class='ocr_line' id='line_1_27' title="bbox 217 3023 1321 3124; baseline 0.011 -33"><span class='ocrx_word' id='word_1_184' title='bbox 217 3023 463 3114; x_wconf 80' lang='lat' dir='ltr'>supernaturale</span> <span class='ocrx_word' id='word_1_185' title='bbox 481 3028 606 3097; x_wconf 89' lang='lat' dir='ltr'>homiui</span> <span class='ocrx_word' id='word_1_186' title='bbox 621 3031 760 3115; x_wconf 81' lang='lat' dir='ltr'>gratuito</span> <span class='ocrx_word' id='word_1_187' title='bbox 777 3032 901 3112; x_wconf 90' lang='lat' dir='ltr'>datum,</span> <span class='ocrx_word' id='word_1_188' title='bbox 920 3031 960 3099; x_wconf 92' lang='lat' dir='ltr'>ad</span> <span class='ocrx_word' id='word_1_189' title='bbox 971 3032 1107 3124; x_wconf 85' lang='lat' dir='ltr'>proximi</span> <span class='ocrx_word' id='word_1_190' title='bbox 1120 3031 1213 3102; x_wconf 88' lang='lat' dir='ltr'>salu·</span> <span class='ocrx_word' id='word_1_191' title='bbox 1320 3029 1321 3032; x_wconf 45' lang='lat'>&#39;</span> 
     </span>
     <span class='ocr_line' id='line_1_28' title="bbox 217 3131 1209 3230; baseline 0.011 -33"><span class='ocrx_word' id='word_1_192' title='bbox 217 3143 284 3198; x_wconf 84' lang='lat' dir='ltr'>tem</span> <span class='ocrx_word' id='word_1_193' title='bbox 301 3131 421 3200; x_wconf 76' lang='lat' dir='ltr'>directe</span> <span class='ocrx_word' id='word_1_194' title='bbox 438 3134 636 3217; x_wconf 85' lang='lat' dir='ltr'>ordinatum,</span> <span class='ocrx_word' id='word_1_195' title='bbox 648 3159 679 3204; x_wconf 91' lang='lat' dir='ltr'>v.</span> <span class='ocrx_word' id='word_1_196' title='bbox 697 3159 730 3224; x_wconf 77' lang='lat' dir='ltr'>g.</span> <span class='ocrx_word' id='word_1_197' title='bbox 742 3139 842 3225; x_wconf 73' lang='lat' dir='ltr'>gratia</span> <span class='ocrx_word' id='word_1_198' title='bbox 856 3139 1040 3220; x_wconf 88' lang='lat' dir='ltr'>sonitatum,</span> <span class='ocrx_word' id='word_1_199' title='bbox 1055 3140 1209 3230; x_wconf 88' lang='lat' dir='ltr'>operatio</span> 
     </span>
     <span class='ocr_line' id='line_1_29' title="bbox 216 3238 1209 3330; baseline 0.01 -24"><span class='ocrx_word' id='word_1_200' title='bbox 216 3238 393 3320; x_wconf 89' lang='lat' dir='ltr'>virtutum,</span> <span class='ocrx_word' id='word_1_201' title='bbox 411 3240 602 3330; x_wconf 86' lang='lat' dir='ltr'>prophetia,</span> <span class='ocrx_word' id='word_1_202' title='bbox 626 3257 689 3310; x_wconf 86' lang='lat' dir='ltr'>ete.</span> <span class='ocrx_word' id='word_1_203' title='bbox 708 3247 807 3312; x_wconf 87' lang='lat' dir='ltr'>Porro</span> <span class='ocrx_word' id='word_1_204' title='bbox 833 3245 978 3313; x_wconf 85' lang='lat' dir='ltr'>Christus</span> <span class='ocrx_word' id='word_1_205' title='bbox 995 3245 1111 3314; x_wconf 88' lang='lat' dir='ltr'>habuit</span> <span class='ocrx_word' id='word_1_206' title='bbox 1131 3245 1209 3316; x_wconf 88' lang='lat' dir='ltr'>illas</span> 
     </span>
     <span class='ocr_line' id='line_1_30' title="bbox 214 3343 1204 3441; baseline 0.01 -34"><span class='ocrx_word' id='word_1_207' title='bbox 214 3343 344 3431; x_wconf 74' lang='lat' dir='ltr'>gratias.</span> <span class='ocrx_word' id='word_1_208' title='bbox 360 3344 431 3410; x_wconf 87' lang='lat' dir='ltr'>Fuit</span> <span class='ocrx_word' id='word_1_209' title='bbox 444 3346 530 3410; x_wconf 82' lang='lat' dir='ltr'>enirn</span> <span class='ocrx_word' id='word_1_210' title='bbox 548 3345 722 3432; x_wconf 88' lang='lat' dir='ltr'>spiritualis</span> <span class='ocrx_word' id='word_1_211' title='bbox 735 3349 889 3415; x_wconf 85' lang='lat' dir='ltr'>doetrinae</span> <span class='ocrx_word' id='word_1_212' title='bbox 906 3362 936 3416; x_wconf 90' lang='lat' dir='ltr'>ot</span> <span class='ocrx_word' id='word_1_213' title='bbox 959 3349 1039 3436; x_wconf 81' lang='lat' dir='ltr'>fidei</span> <span class='ocrx_word' id='word_1_214' title='bbox 1052 3351 1204 3441; x_wconf 90' lang='lat' dir='ltr'>primus,</span> 
     </span>
     <span class='ocr_line' id='line_1_31' title="bbox 217 3442 1205 3536; baseline 0.015 -30"><span class='ocrx_word' id='word_1_215' title='bbox 217 3442 401 3529; x_wconf 81' lang='lat' dir='ltr'>principalis</span> <span class='ocrx_word' id='word_1_216' title='bbox 418 3459 449 3511; x_wconf 88' lang='lat' dir='ltr'>et</span> <span class='ocrx_word' id='word_1_217' title='bbox 466 3443 626 3533; x_wconf 84' lang='lat' dir='ltr'>perlectus</span> <span class='ocrx_word' id='word_1_218' title='bbox 637 3449 770 3530; x_wconf 89' lang='lat' dir='ltr'>duotor;</span> <span class='ocrx_word' id='word_1_219' title='bbox 794 3471 871 3536; x_wconf 79' lang='lat' dir='ltr'>ergo</span> <span class='ocrx_word' id='word_1_220' title='bbox 890 3452 1004 3519; x_wconf 87' lang='lat' dir='ltr'>habuit</span> <span class='ocrx_word' id='word_1_221' title='bbox 1020 3454 1128 3520; x_wconf 89' lang='lat' dir='ltr'>omnia</span> <span class='ocrx_word' id='word_1_222' title='bbox 1142 3455 1205 3520; x_wconf 87' lang='lat' dir='ltr'>do-</span> 
     </span>
     <span class='ocr_line' id='line_1_32' title="bbox 217 3541 1210 3648; baseline 0.025 -46"><span class='ocrx_word' id='word_1_223' title='bbox 217 3559 258 3604; x_wconf 85' lang='lat' dir='ltr'>na</span> <span class='ocrx_word' id='word_1_224' title='bbox 275 3543 314 3608; x_wconf 84' lang='lat' dir='ltr'>ad</span> <span class='ocrx_word' id='word_1_225' title='bbox 331 3544 418 3613; x_wconf 88' lang='lat' dir='ltr'>huno</span> <span class='ocrx_word' id='word_1_226' title='bbox 431 3545 528 3614; x_wconf 83' lang='lat' dir='ltr'>finem</span> <span class='ocrx_word' id='word_1_227' title='bbox 542 3549 700 3636; x_wconf 84' lang='lat' dir='ltr'>ordinata,</span> <span class='ocrx_word' id='word_1_228' title='bbox 720 3555 862 3643; x_wconf 85' lang='lat' dir='ltr'>alioquin</span> <span class='ocrx_word' id='word_1_229' title='bbox 879 3541 911 3623; x_wconf 86' lang='lat' dir='ltr'>in</span> <span class='ocrx_word' id='word_1_230' title='bbox 935 3557 1006 3648; x_wconf 87' lang='lat' dir='ltr'>lpso</span> <span class='ocrx_word' id='word_1_231' title='bbox 1026 3579 1092 3629; x_wconf 88' lang='lat' dir='ltr'>uon</span> <span class='ocrx_word' id='word_1_232' title='bbox 1121 3557 1210 3626; x_wconf 70' lang='lat' dir='ltr'>luis-</span> 
     </span>
    </p>
   </div>
   <div class='ocr_carea' id='block_1_4' title="bbox 0 0 1360 4116">
    <p class='ocr_par' dir='ltr' id='par_1_5' title="bbox 0 0 1360 4116">
     <span class='ocr_line' id='line_1_33' title="bbox 0 0 1360 4116; baseline 0 1"><span class='ocrx_word' id='word_1_233' title='bbox 0 0 1360 4116; x_wconf 95' lang='lat' dir='ltr'> </span> 
     </span>
    </p>
   </div>
  </div>
 </body>
</html>
