2710 4116
520 234 722 306 „253-

138 380 304 468 prietates,
323 379 462 446 actiones
487 379 610 450 reales·
623 381 675 446 Sic
697 379 874 447 absurdum
904 393 991 449 esset
1012 382 1144 452 dicere-

138 485 341 552 affectionem
353 485 435 550 inter
447 487 551 550 Deum
570 486 775 560 et-hominem
788 487 953 574 possidere
970 496 1121 562 naturam

138 577 280 657 divinam
300 603 331 656 et
356 591 545 670 humanam,
572 592 693 657 hahere
711 593 862 666 attributa
880 595 986 666 diuina
1004 604 1036 662 et
1057 573 1121 662 hu·
1165 606 1167 614 ’

139 720 247 775 marra,
264 717 359 781 agere
372 719 428 784 per
440 698 546 764 Deum
560 711 591 762 ct
608 699 786 764 hominem.-
806 699 839 766 Ξ).
864 701 928 767 Nee
948 701 1121 770 inlinitudo

139 804 330 872 meritorum
351 803 488 870 Christi:
507 804 674 890 Siquidem
691 826 729 872 ex
753 803 921 879 affectione
938 797 1049 880 mutua
1074 809 1126 875 ine

139 923 349 980 ternatnmm
368 910 508 986 divinam
527 919 558 976 ct
580 911 836 981 humanam-uon
854 915 1002 1000 sequitur
1029 917 1124 994 meri·
1156 906 1158 911 ’

140 1031 209 1089 turn
220 1027 343 1099 naturae
354 1018 506 1084 tisanana
519 1020 593 1092 vere
610 1039 680 1084 esso
690 1019 841 1094 moritum
853 1035 976 1088 naturae
986 1014 1118 1102 divinoe,

140 1139 173 1191 et
189 1125 257 1196 vice
274 1131 365 1190 verstt
382 1124 533 1190 meritum
552 1124 822 1191 hominiselevori
840 1126 879 1190 ad
894 1127 1036 1194 valorem
1050 1129 1122 1196 iau-

140 1233 245 1302 nitum
260 1253 318 1318 per
333 1231 521 1314 dignitatem
541 1231 698 1300 infinitam
719 1230 788 1300 Dei.
807 1229 840 1296 5.
859 1232 922 1298 Nee
940 1233 1122 1318 legitimitas

140 1338 339 1406 adorationis
365 1337 480 1404 Christi
500 1345 534 1402 ut
554 1337 713 1403 hominis:
735 1337 901 1424 Siquidem
919 1359 957 1402 ex
978 1335 1122 1429 eoquod

141 1447 242 1510 homo
255 1445 406 1528 diligatur
425 1448 442 1509 a
465 1445 614 1510 Dounon
641 1443 787 1530 seqnitur
806 1465 879 1510 enm
898 1465 969 1511 esse
990 1447 1124 1540 atteran-

97 1600 104 1615 ,
142 1554 236 1619 dum.
251 1551 285 1617 la.
304 1552 369 1618 Nee
381 1551 565 1628 maternitas
581 1550 686 1617 divina
703 1573 710 1614 :
733 1550 899 1636 Siquidem
918 1573 955 1617 ex
973 1573 1012 1618 eo
1034 1555 1123 1642 quud

141 1653 377 1740 filiusalienjas
398 1654 542 1720 mulieris
563 1654 715 1739 diligatur
737 1654 861 1735 hDeo,
888 1675 952 1721 non
977 1657 1127 1744 seqnitur

141 1761 314 1830 mulierem
331 1781 403 1826 esso
419 1773 555 1826 matrem
568 1760 638 1825 Dei.
915 1837 918 1840 Ι

188 1871 287 1955 Quod
304 1867 441 1934 dicimus
461 1869 501 1933 de
522 1867 642 1935 unione
659 1864 856 1946 affectionis,
880 1868 1054 1936 dicendum
1084 1871 1129 1938 de

139 1973 213 2058 aliis
232 1975 433 2043 unionibush
454 1974 598 2050 Nestorio
612 1973 759 2040 admissis
773 1997 781 2052 ;
796 1977 931 2070 seilicet,
947 1977 988 2042 de
1006 1977 1126 2048 unione

141 2109 200 2177 per
229 2083 471 2162 habitationem,
489 2085 529 2148 de
548 2083 666 2151 treione
684 2103 789 2149 causae
803 2107 876 2150 utrm
895 2086 1122 2168 instrumento,-

143 2193 391 2276 deunioneper
404 2191 729 2258 communicationem
748 2187 1128 2280 extrinsecam5quassu-
1157 2215 1159 2219 ·
1209 2240 1212 2248 ι

146 2297 446 2384 prhindicarimus„
1192 2361 1196 2364 .

194 2402 260 2468 Non
280 2401 355 2468 unio
375 2422 435 2484 per
455 2401 696 2483 ¹confusionem:
713 2399 791 2464 Nam
810 2399 839 2463 i.
855 2403 882 2464 si
904 2402 979 2472 uerrio
998 2409 1129 2466 natura·
1219 2481 1222 2485 Ι

147 2525 221 2571 rum
238 2505 327 2573 fieret
347 2528 404 2594 per
425 2504 659 2580 confusionem,
675 2524 752 2586 ergo
770 2502 864 2572 unica
883 2519 931 2570 cst
947 2506 980 2570 in
1001 2505 1128 2572 Christo

143 2622 258 2676 nature
272 2631 308 2675 ae
321 2608 457 2696 proinde
470 2606 625 2680 voluntas,
641 2605 729 2690 quod
741 2606 929 2671 contradicit
939 2606 1126 2694 Scripturas,

143 2717 221 2804 iridei
235 2725 266 2782 et
278 2716 432 2793 doctrinm
444 2711 602 2779 Ecclesiae.
615 2713 648 2777 2.
666 2711 902 2778 pastinatione
917 2709 1126 2800 hypostatica,

144 2822 598 2892 concilianturaffirmationes
613 2819 867 2886 contradictoriae
877 2818 996 2906 quihus
1007 2819 1133 2886 Christo

144 2931 367 2998 attribuuntur
385 2929 594 3018 proprietates
619 2930 826 3014 actionesque
846 2927 961 3006 divinae
976 2927 1135 3002 ethema-

143 3059 209 3104 nae.
220 3038 294 3104 Haec
305 3035 626 3128 omnia-affirmantur
640 3036 680 3100 de
694 3036 809 3100 eodem
823 3032 969 3120 subjecto
984 3035 1132 3123 quidem,

143 3145 269 3212 scilicet
287 3145 327 3210 de
342 3151 480 3232 persona
497 3142 634 3220 Christi,
655 3163 719 3206 non
739 3149 847 3206 autern
870 3143 910 3208 de
927 3144 1043 3211 eodem
1059 3143 1136 3213 suh·

141 3250 232 3340 j‘ceto
253 3251 314 3317 sub
348 3250 464 3318 eodem
493 3261 640 3338 respectu
670 3247 886 3314 considerato.
921 3249 1137 3334 Proprietatcs

146 3355 237 3424 enim
255 3370 286 3442 et
303 3354 444 3442 actiones
462 3352 614 3418 irnmanoe
626 3349 827 3436 affirmantur
843 3351 883 3416 de
905 3349 1043 3436 Christo,
1063 3371 1140 3438 qno·
1182 3363 1184 3368 ·

119 3523 122 3530 ,
144 3467 243 3554 tonus
261 3462 405 3552 possidet
428 3475 576 3526 naturam
604 3460 802 3536 humanam3
827 3457 1042 3545 proprietates
1061 3468 1140 3526 vero

145 3572 359 3662 actionesque
375 3567 514 3647 divinae,
534 3569 693 3654 quatenus
715 3566 857 3654 possidet
883 3579 1032 3642 naturam
1059 3567 1139 3636 uiat-

673 3664 676 3670 ’
963 3667 1003 3732 tt
