2640 4150
568 345 774 418 -ttttm

186 497 249 564 tio.
269 493 360 562 Unde
371 491 611 582 praedestinetio
626 502 675 563 est
688 490 813 560 ratione
824 487 1173 584 postmiur'praestien·

101 635 105 644 ·
186 603 267 682 tiae,
295 599 495 691 praescientia
521 601 681 688 posterior
703 599 831 670 aotilrtts
863 597 974 668 liltoris
1006 600 1168 682 laominis3

190 704 336 796 proinde
344 703 775 796 praedestinatioliberlatem
790 705 960 774 destruere
971 727 1036 774 non
1053 719 1171 795 potest.

239 813 278 882 ln
299 807 452 904 opinione
467 812 708 900 theologorum,
727 813 783 902 qui
806 811 970 882 affirmant
992 811 1173 882 absolutam

193 939 269 990 esse
290 917 609 1010 praedeslinationem
634 918 675 988 ad
691 919 829 1008 gloriam
845 932 878 988 et
893 920 935 988 ad
950 919 1087 1008 gratiam
1104 919 1175 989 effi·

193 1045 328 1106 narem,
345 1025 570 1094 conceduntur
592 1028 611 1094 ia
637 1025 706 1093 Deo
720 1025 845 1112 gratiae,
872 1045 947 1113 quae
970 1033 1087 1096 natura
1115 1031 1176 1098 sul

192 1129 284 1220 juxta
300 1131 482 1200 Thnmisms
494 1181 504 1216 ,
531 1130 732 1222 'congruitate
757 1137 816 1202 sud
828 1132 918 1220 juxta
940 1132 1171 1220 congruitur,

32 1285 34 1292 ,
114 1309 115 1314 ,
193 1235 351 1304 olleetum
376 1254 473 1312 suum
496 1237 708 1306 infallibiliter
738 1243 996 1325 consequuntur.
1015 1238 1114 1307 Porro
1140 1239 1172 1306 in

199 1341 251 1440 his
259 1343 467 1432 opinionibus
478 1365 544 1412 nun
561 1341 1177 1434 laoileconcipiturquomoddvoluntas

199 1462 286 1520 muta
316 1471 376 1542 per
405 1452 523 1538 gratias
554 1449 743 1539 hujusmodi
754 1451 768 1532 ,'
794 1451 978 1520 libertatem
993 1465 1177 1521 conseruet.

197 1554 433 1625 ‘liiffieultnlem
458 1557 631 1626 conciliant
662 1569 773 1626 tamen
799 1557 916 1625 harum
941 1557 1179 1625 senientiarom

199 1661 405 1746 defensores,
421 1663 614 1732 affirmando
626 1664 744 1750 gratias
759 1665 849 1732 istius
865 1665 951 1732 modi
963 1660 1181 1730 'infallibiliter

200 1765 348 1858 quidem,
376 1791 440 1838 non
461 1779 538 1838 vero
554 1771 749 1852 necessario,
763 1770 913 1840 elleotum
940 1789 1036 1838 suum
1056 1768 1183 1860 produ-

203 1895 291 1944 oere.
318 1875 410 1944 Unde
431 1873 577 1946 remanet
591 1875 748 1948 voluntati
774 1877 918 1947 libertas.
936 1877 984 1946 De
1000 1875 1064 1947 ltoo
1078 1873 1185 1944 iusiits

203 1981 263 2048 nbi
279 1983 457 2052 deGrnlid.

208 2143 212 2152 .
247 2086 289 2158 2⁰
301 2089 542 2162 Praedestinotio
558 2115 623 2164 non
636 2095 760 2167 inducit
775 2096 806 2162 in
825 2091 1007 2161 socordiam
1018 2097 1051 2157 el
1066 2087 1187 2176 despe-

203 2195 364 2266 raiionem
377 2222 386 2266 ε
400 2201 567 2290 Siquidem
585 2202 701 2272 laisum
717 2209 765 2270 est
781 2201 933 2268 dilemma
950 2195 1128 2285 objectum.
1149 2195 1185 2264 lt,

206 2304 241 2372 Si
255 2325 369 2374 rerum
387 2321 482 2387 esset,
502 2309 548 2376 sio
564 2310 782 2395 argumentari
798 2308 910 2376 liceret
930 2305 970 2374 de
987 2303 1086 2372 rebus
1102 2315 1189 2370 tem·

202 2411 395 2499 puralibus:
420 2439 438 2478 a
459 2414 510 2480 vel
532 2415 620 2482 Deus
653 2412 946 2504 piaedoterminaait
969 2427 1186 2488 successum,

120 2551 129 2576 .·
205 2515 258 2584 vel
283 2538 370 2598 nun3
388 2520 415 2588 si
431 2522 779 2612 praedeterminaveril,
806 2519 966 2608 quidquid
993 2537 1091 2605 egero
1113 2533 1189 2581 soo-

85 2677 109 2708 .·
208 2643 291 2714 pum
306 2626 477 2714 ellingamr
507 2627 535 2695 si
557 2634 694 2710 sonui,
718 2628 878 2717 quidquid
903 2647 1001 2711 egero
1020 2609 1062 2692 ad
1088 2623 1192 2691 linem

62 2805 79 2816 ,,
209 2752 277 2800 non
309 2736 506 2822 perveniam.
533 2763 547 2795 ι
576 2737 676 2836 Porro
701 2757 798 2806 nemo
820 2753 919 2802 sanus
935 2747 1000 2800 non
1024 2731 1111 2800 videl
1127 2729 1194 2796 ltu-¹

25 2937 27 2944 y
206 2839 262 2928 jus
285 2843 490 2932 sophismatis
512 2843 682 2912 sulsitatem
707 2844 739 2910 in
759 2835 857 2912 rebus
886 2837 1139 2926 temporaneum
1172 2839 1194 2903 i

210 2947 282 3036 pari
295 2946 411 3016 salsum
423 2961 471 3015 est
487 2949 518 3014 in
533 2948 631 3016 rebus
646 2947 880 3037 spiritualibus.
899 2945 933 3011 ᾖ.
952 2943 1079 3010 Falsum
1095 2939 1193 3006 estin

213 3051 367 3138 opinione
383 3054 673 3145 praedeslinationis
688 3054 935 3130 conditionalae3
953 3055 1032 3117 nam
1047 3041 1196 3134 praedesss

213 3155 327 3222 tinatio
337 3156 378 3222 alt
387 3158 540 3245 operibus
553 3159 683 3248 pendet.
697 3159 823 3226 Falsum
833 3171 881 3226 est
890 3161 985 3226 etiam
999 3155 1031 3221 in
1048 3151 1200 3240 aliisopi-

214 3263 389 3358 nionibus,
408 3267 483 3331 oitm
499 3265 605 3346 Deus,
624 3265 791 3333 ltomlnem
811 3265 851 3332 od
874 3265 1009 3351 gloriam
1028 3257 1198 3350 praedesti·

214 3372 346 3455 nando,
367 3373 466 3445 simul
483 3375 677 3444 determinet
703 3376 809 3444 media
831 3377 872 3442 ad
891 3374 1028 3462 gloriam
1045 3368 1198 3440 absoluit}

216 3483 411 3554 necessaria.
428 3483 466 3550 ln
476 3483 621 3572 qualibet
637 3501 713 3574 ergo
737 3483 891 3574 opinione
906 3483 991 3551 bona
1007 3499 1108 3572 opera
1122 3484 1201 3548 sunl

218 3591 411 3663 adsalutem
428 3592 594 3684 requisita.
