2622 4154
597 383 778 448 -od-

195 522 430 610 expracmissis.
446 517 904 614 a.quihus.virtualitorsaltenr
918 520 1177 606 distinguuntur,

197 651 256 716 per
275 649 386 694 verum
404 648 441 694 ae
461 627 693 714 syllogisticum
722 625 926 692 ratiocinium
943 629 1050 716 rcips'a
1074 631 1183 698 dedu·

192 747 327 802 cuntur.
330 733 693 802 -Postdeiinitioncm
711 731 880 800 Ecclesiae
873 740 942 800 istae
952 735 1183 812 conclusiones

199 853 274 908 sunt
287 841 328 906 de
340 840 404 906 lide
414 838 533 906 divina.

244 947 278 1012 2
297 942 366 1012 Non
379 959 454 1011 sunt
469 947 510 1012 dc
523 946 586 1012 lide
603 959 677 1012 ante
689 943 910 1012 definitionem
924 943 1093 1014 Ecclesiae:
1107 969 1181 1026 con-

199 1051 361 1151 clusiones
386 1051 576 1136 theologicae
597 1053 745 1118 deductoe
775 1072 811 1118 cx
833 1050 1176 1140 duabus-premissis,

93 1220 96 1223 .
199 1147 339 1248 quarunt
353 1177 422 1222 una
425 1169 472 1226 cst
482 1157 632 1235 revelata,
644 1156 742 1222 altera
755 1155 1023 1248 luaninenaturali
1035 1160 1176 1243 cognita.

198 1298 243 1312 -—
258 1263 362 1354 Posito
384 1262 571 1330 definitione
581 1259 750 1340 Ecclesiae
743 1261 1016 1339 controvertitur,
1026 1283 1091 1331 non
1105 1268 1180 1362 qui-

198 1369 273 1434 dem
291 1368 403 1437 utrdrn
414 1369 531 1435 veritas
547 1369 709 1466 proposita
731 1367 771 1433 sit
793 1366 970 1447 credenda,
987 1349 1049 1434 sed
1065 1376 1194 1442 utram*

196 1463 315 1538 veritas
329 1486 412 1538 essct
429 1473 469 1540 dc
485 1473 551 1539 fide
566 1473 687 1539 divina.
707 1469 875 1556 Quidquid
898 1470 939 1544 sit
960 1469 1002 1536 de
1022 1471 1083 1540 hae
1098 1492 1179 1537 oon-

193 1579 364 1657 troversia,
385 1578 507 1644 nemini
535 1577 673 1642 dubium
701 1587 747 1643 est
771 1573 854 1640 hanc
867 1573 1028 1641 veritatem
1049 1573 1089 1638 de
1105 1574 1174 1638 fide

197 1679 304 1750 divina
332 1683 530 1750 credendam
554 1702 641 1759 esse,
666 1679 693 1746 si
716 1679 854 1746 Ecclesia
882 1701 953 1747 cam
977 1675 1176 1786 proponeret

80 1838 82 1843 ,
189 1785 354 1876 'tanquam
372 1787 412 1854 de
429 1785 622 1851 hdedivind
627 1771 839 1852 credendam

243 1893 281 1958 ιο
294 1893 404 1958 illicita
424 1903 485 1968 est,
497 1903 630 1978 propter
645 1893 821 1960 mediatam
844 1890 1081 1978 oppositionem
1101 1907 1181 1957 cum

196 1971 263 2066 hdo
273 1996 584 2084 divinappropositio
597 2017 747 2064 aranea

163 2105 165 2108 ’
243 2104 383 2176 Erronaa
400 2113 508 2171 ιιιιιιιι
530 2116 580 2168 ιιι
603 2103 781 2224 propositio
807 2093 951 2191 opposita
970 2101 1181 2192 propositioni

196 2169 336 2276 acediae
352 2209 499 2280 revelatae
516 2221 556 2276 ιι
562 2223 657 2296 certae
671 2210 702 2276 in
717 2211 849 2278 materia
864 2207 952 2275 fidei.

243 2317 342 2383 Porro
361 2327 449 2382 certo
466 2323 513 2382 ast
530 2317 562 2384 in
581 2301 714 2386 materia
731 2317 819 2394 fidei,
835 2315 988 2401 quaelihet
1012 2312 1179 2382 conclusio

198 2419 379 2506 theologica
395 2423 533 2506 deducta
549 2443 591 2494 ar
603 2421 740 2490 unavel
756 2421 883 2488 duabus
900 2420 1181 2507 praemissis-rere·

198 2521 286 2594 latis.
303 2528 400 2612 Quod
418 2529 533 2616 triplici
549 2529 647 2599 modo
660 2541 807 2596 constare
820 2536 942 2614 potest:
959 2527 990 2591 i.
1004 2526 1178 2606 evidentia,

198 2635 231 2704 l.
256 2633 653 2722 concorditheologorurn
674 2655 850 2713 consensu²
863 2633 897 2698 5.
919 2617 1108 2702 definitione
1122 2633 1180 2698 Eo-

198 2741 304 2808 clesiae
320 2741 487 2809 ueritatem
499 2747 556 2829 pro
568 2743 658 2808 carrd
673 2740 845 2807 tenendam
857 2739 1079 2834 proponentis·
1141 2811 1142 2816 ἵ

241 2847 279 2914 5⁰
295 2847 405 2917 illicita
423 2856 482 2927 cst,
497 2857 628 2937 propter
640 2847 876 2935 oppositionem
892 2843 1181 2928 prohabilemoum

197 2951 262 3016 fide
283 2951 402 3030 divina,
424 2952 578 3038 quaelihet
602 2952 776 3038 propositio
803 2950 842 3015 ah
861 2947 1000 3020 Ecclesia
1016 2938 1180 3032 sequend-

197 3055 415 3124 buscensuris
427 3067 535 3122 notata
548 3079 555 3119 :
571 3057 686 3121 haeresi
694 3056 1005 3140 proraimo2aupicoa
1018 3051 1177 3128 heresim,

197 3159 247 3226 vel
266 3159 423 3224 hereseos
440 3153 605 3242 suspecto(

194 3335 216 3351 Ι,
239 3265 422 3351 Propositio
443 3256 558 3332 hoeresi
581 3268 734 3351 proauitae
764 3275 869 3336 ast-rea
892 3285 996 3353 quarn.
1015 3261 1121 3350 major
1148 3273 1180 3328 et

194 3372 303 3457 sanior
320 3369 544 3456 theologorum
557 3393 635 3458 pars
647 3370 774 3458 judicat
790 3393 861 3454 csse
878 3371 1182 3455 haeredemque-

195 3481 288 3543 tenhs
304 3476 493 3543 contradicit
515 3476 689 3565 Scripturas
713 3478 762 3544 rol
786 3477 977 3556 traditioni,
995 3477 1056 3544 ctei
1073 3489 1183 3543 tamen

191 3582 337 3666 praedicti
351 3583 494 3668 theologi
511 3604 577 3648 non
600 3585 740 3650 audeant
768 3605 841 3649 eam
864 3581 1013 3651 absolute
1037 3601 1183 3670 pronun,-

197 3683 274 3748 tiare
290 3681 484 3765 haereticam,
499 3689 573 3772 quia
585 3688 684 3774 aliqui
694 3709 805 3772 graves
820 3686 962 3771 theologi
981 3688 1184 3758 contendunt

195 3787 254 3878 ipsi
271 3808 441 3855 consuram
455 3791 643 3878 hujusmodi
661 3795 744 3859 inuri
762 3813 827 3859 non
844 3787 996 3862 dehere.'

20 3952 92 4040 k
