2622 4154
534 211 712 286 ..17-

121 357 170 426 rib
181 356 483 425 limitetursumma
496 355 555 422 Dei
569 353 945 444 potentia—Ordiuariai
958 360 1110 447 proediota

123 463 346 535 convictio-io
368 475 475 530 mente
497 465 688 552 producitur
713 483 772 552 per
798 465 915 532 motiva
942 467 1110 534 rationalia

124 562 246 658 quibus
265 569 435 658 praedictae
459 571 608 638 verbates
623 571 706 637 hunt
728 570 920 638 credibiles:
945 571 1009 640 hor
1024 573 1109 640 laeto

127 689 265 744 constat.
288 674 430 741 almodo
453 675 512 742 ista
536 677 655 744 motiva
679 676 847 743 rationalia
864 677 897 744 in
927 699 961 746 se
990 677 1111 744 habent

130 781 307 848 efficaciam
342 781 581 849 determinandi
615 784 869 863 convictionem,
902 783 1110 850 attrahendi

132 889 247 954 mentis
263 907 446 967 assensum,
464 899 501 954 ut
514 889 654 958 vidimus
667 889 723 957 uhi
735 892 775 956 de
791 890 870 956 louis
890 889 1086 977 theotopiois.

177 993 311 1060 Oloura.
328 992 370 1057 l⁰v
381 993 494 1082 hlotiva
508 995 676 1068 rationalia
692 995 912 1064 eredibilitatis
923 1015 988 1062 non
1001 995 1112 1063 erolu-

136 1097 214 1164 dunt
230 1099 452 1187 operationem
476 1102 604 1185 gratiae,
629 1122 705 1189 quaa
729 1123 821 1170 suam
842 1099 1018 1171 efficaciam
1035 1121 1111 1190 pro·

139 1203 239 1290 priam
252 1211 354 1292 potest
372 1204 495 1273 addere
510 1207 540 1274 ui
557 1209 751 1276 motivarum
767 1209 809 1275 ad
827 1206 1110 1274 determinandum

144 1305 256 1374 meotis
267 1321 431 1378 assensum
444 1312 569 1380 veritati
586 1313 771 1380 eradendae.

181 1415 220 1480 9⁰
232 1415 379 1484 Rationes
389 1423 616 1502 etargumeuta
635 1417 754 1503 quibus
766 1415 945 1505 probantur
959 1417 1111 1482 notiones

136 1520 208 1588 auci
221 1523 350 1609 proeviae
365 1531 501 1611 possunt
516 1523 640 1612 percipi
657 1523 755 1590 modo
777 1522 850 1612 plus
861 1521 1009 1588 minusue
1023 1541 1113 1588 oum·

134 1627 317 1716 plum-plin
332 1628 481 1696 wminusue
497 1627 629 1700 olaroet
640 1630 827 1708 soieotisroo,
840 1639 1008 1717 prooaptu
1018 1627 1113 1701 intel·

132 1732 259 1801 leetuali
275 1735 412 1821 subjecti
429 1742 449 1800 a
464 1756 530 1822 quo
544 1735 672 1803 elicitur
687 1747 778 1802 aetus
793 1734 884 1801 fidei.
986 1771 990 1778 -

175 1837 212 1906 2⁸
238 1841 340 1908 Coool.
367 1841 670 1929 Requirituroausa·
691 1841 946 1930 supernaturalis
970 1841 1112 1911 suehans

133 1957 162 2014 ot
176 1947 335 2035 adjurans
349 1959 491 2015 mentem
508 1959 543 2014 ut
558 1947 722 2016 adhaereat
737 1947 846 2015 debito
869 1948 969 2014 modo
987 1948 1112 2014 veritati

132 2053 322 2132 eredendum
347 2073 421 2140 quae
446 2070 543 2120 eausa
563 2065 630 2132 est,
649 2060 766 2141 purtim
782 2051 1053 2119 lidesbabitualis
1078 2052 1112 2116 in

132 2161 178 2228 eis
194 2161 252 2248 qui
262 2159 362 2230 tidem
377 2157 577 2231 habitualem
591 2161 722 2242 babent,
731 2167 900 2252 rumperet
909 2161 942 2230 in
960 2159 1112 2228 omnibus

130 2267 232 2352 gratia
255 2268 400 2336 actualis.

174 2369 279 2436 Proh.
293 2392 331 2457 p.
347 2382 438 2457 port.
457 2373 644 2462 Requiritur
662 2394 758 2442 eausa
776 2369 1050 2474 supernaturalis:
1065 2368 1113 2436 hd

131 2476 417 2564 quemlibetenim
441 2493 548 2548 aetum
569 2479 746 2566 requiritur
761 2499 857 2544 causa
873 2479 1114 2565 proportionata

131 2594 263 2650 naturae
274 2588 368 2650 aetus
378 2584 594 2674 producendi.
613 2584 714 2648 Porro
731 2589 821 2646 aotm
836 2581 911 2645 lidei
930 2581 1027 2646 debet
1040 2597 1120 2644 esse

132 2689 401 2778 supernaturalia,
420 2693 498 2756 eitm
516 2693 606 2752 aetus
628 2684 705 2750 fidei
726 2684 766 2748 sit
787 2681 988 2754 mediomari
1014 2681 1116 2746 anan

133 2799 412 2888 supernaturalem
422 2821 430 2881 ;
442 2798 591 2888 proinde,
607 2800 681 2865 elim
698 2805 787 2863 aetus
798 2794 874 2862 fidei
888 2805 1021 2882 superet·
1031 2779 1117 2862 uires

133 2904 297 2972 naturales
317 2905 478 2987 hominis,
505 2927 573 2972 non·
595 2917 700 2993 potest
718 2902 802 2982 elini,
821 2898 883 2968 nisi
904 2901 1059 2968 excitante
1083 2909 1115 2968 et

134 3010 306 3098 adjuvante
317 3019 414 3078 eausa
430 3011 682 3101 supernaturali.
699 3045 746 3060 -
762 3008 845 3092 Quae
858 3019 954 3075 eausa
967 3021 1027 3088 est,
1041 3028 1115 3094 par·

136 3123 192 3182 tim
209 3117 291 3183 fides
304 3117 490 3200 habitualis,
502 3119 536 3184 iu
552 3119 644 3184 eis...
661 3116 755 3182 Fides
774 3112 862 3183 enim
879 3113 1052 3180 habitualis
1068 3125 1117 3180 est

135 3217 437 3290 habitusinolinaos
455 3225 497 3291 atl
509 3231 617 3291 aetum
638 3220 733 3297 fidei3
756 3239 853 3306 porro
873 3219 1038 3286 inclinatio
1053 3231 1113 3296 est,

136 3325 250 3394 saltem
268 3329 377 3416 quoad
400 3342 546 3420 partam,
566 3342 662 3396 causa
682 3329 787 3393 aetus.
808 3323 1004 3409 -Semper
1028 3333 1060 3387 et
1082 3322 1115 3388 in

136 3434 290 3500 omnihus
315 3436 415 3519 gratia
443 3435 578 3504 aethalis
597 3442 650 3500 ‘est
674 3451 788 3500 eausa:
819 3429 880 3496 hoe
906 3425 1038 3493 arideus
1069 3435 1117 3494 est

138 3541 247 3628 quoad
259 3540 408 3610 homines
425 3542 479 3629 qui
497 3561 564 3608 non
581 3540 702 3608 bahent
733 3536 880 3606 habitum
904 3534 997 3616 lidei3
1017 3533 1116 3623 siqui·
