2732 4038
533 199 598 252 ’-
619 201 683 270 eal
707 239 753 254 «-

161 300 306 407 cerole
320 343 417 400 Homo
430 343 491 400 stne
515 340 603 412 gratia
615 341 716 396 actuali
738 355 798 398 non
818 343 998 413 potestvelle
1011 345 1041 402 et

235 449 354 504 operari
338 432 467 489 bonum
484 429 695 500 supernaturale
698 467 1038 490 ........
1092 431 1147 491 999

162 521 260 580 corel.
273 519 302 574 l.
318 519 422 588 Gratia,
438 517 590 588 etquidem
604 516 743 587 specialis,
758 516 907 587 requiritur
921 519 957 576 ad
973 535 1040 591 per·

235 607 423 664 severantiam
444 605 555 662 linalcm
558 642 1042 662 ...........
1076 607 1147 668 teta.

164 695 215 767 Sq.
227 695 257 750 2·
271 695 372 752 Utrem
385 695 491 764 absque
514 692 603 763 gratie
616 693 725 749 actuali
730 692 817 748 bomo
840 693 925 749 etiam
948 694 1043 766 lapsus

233 779 860 853 possitoperaribonuminordinenaturalit
851 819 1042 838 .....
1078 781 1147 840 itta.

163 867 278 926 certum
288 871 331 924 est
344 868 371 923 1.
387 867 531 924 hominem
545 868 753 936 lapsumposse
765 865 909 924 moraliter
923 865 1043 937 proinde
1092 871 1093 877 ’

234 955 361 1027 physice,
369 955 476 1024 absque
486 954 573 1024 gratie
582 952 812 1024 actuali‚aliquod
820 953 929 1023 operari
937 952 1042 1010 bonum

232 1042 263 1098 in
276 1042 375 1098 ordine
391 1041 520 1111 naturali,
537 1042 683 1112 speciatim
694 1043 772 1096 actus
793 1040 933 1096 faciliores
946 1041 1037 1096 adim-

234 1130 332 1204 plere;
367 1164 1044 1186 ...............
1079 1128 1147 1186 ieie.

162 1217 277 1274 Certum
298 1220 342 1274 est
364 1217 392 1272 2.
407 1215 552 1273 hominem
568 1217 677 1287 lapsum
700 1230 758 1270 non
786 1230 870 1285 posse
892 1215 1038 1272 moraliter

237 1305 344 1376 absque
358 1303 446 1374 gratis
459 1303 560 1362 actuali
573 1303 668 1358 omnia
682 1301 815 1360 mandata
826 1303 898 1373 legis
911 1303 1043 1360 naturalis

197 1431 200 1436 ,
237 1389 404 1460 adimplere.
458 1421 1037 1449 .............
1093 1385 1147 1442 800

160 1474 244 1531 Unde
252 1474 429 1532 deducuntur
441 1490 502 1546 seq.
512 1474 676 1530 corollaria:

162 1562 257 1628 Corol.
274 1562 300 1619 1.
315 1563 412 1620 Homo
425 1566 522 1634 potest
545 1563 651 1634 absque
666 1560 755 1632 gratie
777 1563 881 1618 actuali
908 1561 1043 1634 quosdam
1103 1601 1112 1614 .

232 1651 367 1709 veritates
380 1651 564 1722 speculativas
577 1654 624 1706 aut
637 1649 774 1720 practicus
789 1649 826 1707 ad
840 1650 934 1706 officie
947 1649 1042 1708 bomi-

233 1737 278 1792 nis
302 1741 464 1808 spectantes
477 1752 651 1807 cognoscere
653 1773 1043 1794 .........
1097 1733 1150 1792 aon
1232 1727 1237 1733 ’

161 1824 256 1882 Corol.
271 1824 299 1880 2.
315 1824 411 1882 Homo
432 1827 527 1896 lapsus
543 1828 637 1896 potest
649 1825 772 1895 propriis
784 1824 892 1884 uiribus
905 1825 998 1882 Deum
1010 1826 1042 1882 ut

225 1916 376 1972 ,auctorem
397 1915 504 1968 naturae
523 1903 638 1983 diligere
660 1913 790 1985 affectiue
813 1917 842 1970 et
864 1913 993 1971 effective
1006 1913 1035 1970 irr

189 2036 193 2043 «
234 1998 356 2070 quodam
370 1999 468 2069 gradu,
483 2016 542 2056 non
555 2000 841 2071 tamensupernmnia
844 2033 1042 2058 .....
1078 1998 1149 2059 ibid·
1188 2045 1194 2062 r

160 2085 387 2146 Controvertitur
398 2089 492 2142 utrirm
505 2087 612 2156 absque
626 2087 714 2156 gratie
728 2088 832 2144 actuali
844 2087 931 2144 bomo
949 2087 1041 2158 possit

211 2175 353 2246 “physice
374 2173 528 2243 adimplere
550 2173 621 2241 legis
648 2173 784 2230 naturalis
806 2178 946 2246 praecepta
966 2175 1044 2232 diffl-

233 2263 371 2318 ciliora...
400 2319 405 2326 ,
411 2294 1043 2319 ..............
1063 2321 1067 2328 ,
1097 2259 1152 2318 30ss

166 2351 217 2421 sq·
232 2349 261 2406 3Ι
282 2351 382 2408 Utrum
396 2349 501 2419 absque
522 2347 611 2418 gratie
624 2346 726 2402 actuali
744 2347 831 2404 bomo
844 2347 933 2418 possit
945 2361 1045 2403 omnes
1157 2391 1158 2394 ,

237 2437 353 2494 vincere
369 2435 554 2494 tentationes?
597 2468 1042 2490 ..........
1096 2432 1151 2492 303

158 2525 298 2584 Probatur
311 2524 569 2595 hominemabsque
586 2521 675 2593 gratie
683 2537 771 2592 posse
782 2521 898 2580 vincere
907 2521 1043 2591 leuiores,

230 2628 293 2676 ¹non
307 2605 376 2670 uero
390 2626 490 2682 graves
504 2611 674 2668 tentationes
676 2643 1044 2666 .........
1080 2607 1149 2666 ibid.

162 2699 215 2772 Sq.
236 2697 267 2754 qs
281 2698 380 2756 Utrum
393 2699 500 2770 absque
523 2697 613 2770 matie
626 2697 728 2754 actuali
746 2698 834 2754 bomo
848 2696 940 2768 possit
953 2696 1044 2755 vitare

231 2786 471 2858 omniapnocatal
509 2820 1043 2843 ............
1097 2779 1152 2840 304

162 2874 303 2942 Probatur
315 2875 464 2932 bominem
479 2873 584 2946 absque
599 2873 778 2944 gratianosse
788 2871 916 2943 quedem
930 2873 1046 2943 peccata

235 2965 346 3030 vitarc;
410 3000 418 3018 .
466 2995 1047 3020 .............
1082 2957 1152 3014 eiu.

161 3065 221 3106 non
233 3065 316 3122 posse
328 3050 424 3107 omnia
438 3050 546 3116 ritare3
606 3084 1046 3104 ..........
1082 3043 1152 3102 totu.

161 3151 247 3208 posse
263 3153 327 3193 cum
342 3135 430 3208 gratie
440 3132 581 3193 ordinarie
594 3135 684 3194 vitare
693 3133 868 3192 distributive
876 3133 970 3191 omnia
979 3143 1046 3204 pec·

237 3225 447 3282 catalormalia·
441 3256 1043 3291 ..............
1079 3217 1150 3276 otte

160 3325 248 3386 posse
265 3327 330 3367 cum
351 3311 499 3383 privilegio
523 3311 637 3383 speciali
656 3311 752 3368 vitare
773 3309 921 3403 collective
941 3307 1038 3364 omnia

236 3401 369 3470 peccata;
417 3433 1043 3456 ..............
1097 3387 1153 3450 306

163 3498 224 3548 bon
233 3503 330 3563 posse
353 3485 460 3556 absque
473 3485 622 3557 privilegio
646 3487 760 3575 speciali
774 3487 863 3546 vitare
891 3483 1043 3542 collective

238 3575 458 3647 omniapeccata
471 3574 615 3643 mortalia;
656 3609 686 3630 ,ι
703 3608 1044 3632 ........
1080 3567 1149 3626 ibid.

993 3655 1004 3682 Ι
