2710 4116
572 369 774 438 ι-ιΟιι-νι

175 525 222 581 ἰι
234 509 293 600 ipsi
305 507 368 578 sub
388 501 589 595 etqualitate
605 506 762 596 imposuit
776 517 975 596 praeseptum
991 507 1032 577 da
1042 531 1173 582 noneo-

190 615 352 686 medendo
365 613 470 684 lruetu
484 615 608 680 arboris
620 614 762 682 seiontiae
784 613 862 680 boni
878 627 910 682 et
920 615 1010 696 mali,
1025 625 1173 709 utsupra

189 723 346 802 ridim1us3
359 719 495 811 proindd
510 719 543 786 in
560 719 732 787 violatione
746 719 845 809 hujus
858 723 1010 811 praecepti
1025 723 1174 794 voluntas

188 829 301 898 Adurni
321 825 574 920 representabat
586 824 783 894 voluntatem
803 837 1029 914 posterorum,
1051 831 1109 918 qui
1130 833 1177 900 sie

190 937 255 1006 diei
283 943 417 1026 possunt
444 932 586 1000 voluisse
616 931 823 1002 violationem
845 929 943 1021 nujus
960 939 1120 1026 ‘praesepti
1142 939 1176 1006 in

190 1039 355 1110 voluntate
368 1041 617 1130 protoparentis.

234 1149 274 1214 ιο
289 1147 322 1214 Si
344 1159 513 1236 peecatum
529 1145 686 1232 originale
701 1145 925 1216 consideretur
946 1147 1101 1234 quatenus
1118 1160 1170 1216 est

191 1253 371 1323 debititate:
400 1253 471 1320 Fuit
493 1251 710 1322 voluntarium
737 1253 771 1320 in
793 1254 909 1322 eodem
931 1273 1030 1320 sensu
1052 1253 1169 1342 inquo

189 1361 408 1430 voluntarium
434 1359 494 1428 iuit
520 1358 582 1428 sub
606 1363 754 1448 respectu
771 1360 909 1439 actuali3
931 1360 1117 1448 siquidem,
1135 1371 1177 1428 ut

186 1469 256 1560 jim
272 1470 424 1550 diximus,
435 1480 602 1558 peecatum
615 1467 779 1535 habituale
796 1481 843 1535 est
858 1477 1029 1558 peecatum
1045 1468 1176 1541 actuale

192 1597 266 1644 eum
279 1576 530 1669 proprietatibus
541 1575 608 1643 suis
622 1593 831 1665 perseuerans
843 1575 900 1658 (l).

225 1797 261 1863 (ι)
279 1797 347 1848 «aiii
361 1795 445 1863 molti,
460 1797 544 1866 lnquit
556 1797 608 1850 itu.
620 1795 729 1849 Bourier
744 1796 830 1862 (tract.
844 1796 876 1848 do
890 1795 1018 1860 Pometia,
1030 1813 1055 1866 p.
1064 1797 1092 1859 i,
1106 1812 1130 1852 o.
1148 1799 1174 1862 l,

194 1895 206 1925 ι
222 1883 272 1929 art.
286 1877 313 1939 i,
329 1887 356 1928 ιι.
370 1878 407 1942 6),
422 1884 540 1928 naturam
561 1877 662 1940 peceati
685 1875 817 1942 originalis
835 1876 874 1928 sie
887 1877 1033 1940 eupliam:
1050 1878 1088 1930 ιιι
1102 1877 1177 1930 initio

193 1977 206 2004 ιι
221 1954 303 2006 Adam
316 1957 471 2010 constitutus
488 1955 572 2008 irrorat
593 1956 620 2005 in
635 1955 735 2019 justitit
748 1955 882 2022 originali,
897 1957 981 2022 gratia
993 1958 1173 2013 sauounoamo

191 2032 316 2082 »stallis
330 2033 404 2082 donis
418 2032 540 2084 indebitis
563 2031 714 2086 instructus.
739 2035 798 2085 iiaeu
820 2033 926 2096 omnia,
955 2047 989 2088 ex
1013 2036 1177 2092 ordinatione

194 2125 206 2156 ι
222 2103 317 2173 maini,
333 2110 456 2162 fidelitate
471 2111 518 2162 sui
531 2110 687 2176 sibimetipsi
701 2124 806 2164 serrare
823 2113 986 2178 posterisque
999 2118 1176 2170 transmittere

162 2223 163 2226 ,
193 2189 345 2250 adstrabat,
358 2191 419 2252 sed,
432 2191 572 2255 peccando,
586 2198 613 2244 et
626 2190 677 2248 sibi
689 2193 871 2247 etillisamisit
873 2194 948 2258 ‚ipse
958 2197 1176 2262 peecatiaotuaiis

194 2287 206 2340 ι
222 2281 284 2322 reus
297 2277 325 2322 et
341 2270 417 2321 ιιιιιιιι
431 2272 551 2324 omnibus
564 2271 639 2324 donis
653 2273 808 2337 supradietis
822 2275 947 2338 privatus,
962 2277 1059 2339 posteri
1074 2280 1174 2346 veroin

194 2367 206 2398 ι
222 2349 253 2402 ιιι
267 2349 408 2413 privatione
422 2358 521 2402 uatum
545 2353 687 2416 constituti,
702 2363 760 2418 qute
782 2353 876 2404 dieitur
890 2359 1021 2418 peceatum
1044 2341 1171 2420 originale

194 2428 286 2494 »quia
301 2435 406 2493 peceato
420 2431 507 2484 oritur
512 2437 539 2484 et
552 2433 629 2496 quia,
637 2432 695 2483 edm
710 2431 865 2484 ordinationi
877 2433 1039 2498 lielejusque
1048 2433 1171 2487 bonitatis

193 2527 206 2558 ιι
223 2509 337 2562 mesilam
359 2508 424 2564 oded
446 2512 608 2575 adversetur,
631 2525 722 2564 omnes
736 2513 857 2566 homines.
871 2510 941 2565 illios
965 2513 1045 2566 oeulis
1060 2514 1174 2570 odibiles

193 2589 470 2664 »hlaeitsindignosque
484 2593 672 2658 supernaturali
686 2591 889 2658 felicitate-ipsis
904 2594 1040 2662 destinati.
1059 2611 1070 2642 ι

226 2671 296 2724 luter
309 2673 468 2724 recentiores
480 2672 567 2738 'hujus
578 2672 722 2724 sententie
747 2672 862 2724 fautores
883 2675 1013 2740 praeeipue
1034 2665 1130 2726 eminet
1145 2675 1177 2726 P:

191 2754 313 2816 perrone,
328 2753 372 2818 qui
386 2767 443 2806 eam
462 2757 607 2819 propugnat
626 2753 652 2802 in
666 2753 720 2804 suis
737 2753 958 2806 Ριωιιιιιιιιιιιιε
972 2755 1127 2818 tltootoqtet't
1147 2750 1175 2806 in

191 2834 305 2899 collegio
319 2833 433 2888 Romano
447 2833 552 2887 habitis.
562 2833 602 2886 Ad
614 2833 808 2899 intelligentiam
820 2835 898 2905 hujus
908 2836 1055 2906 sententiae,
1065 2847 1177 2900 aequaeu-

190 2914 228 2968 tia
241 2915 403 2980 excerpimus
417 2913 546 2966 dtreetatu
558 2913 672 2976 praedieti
686 2914 798 2966 auctoris
812 2917 843 2966 de
856 2915 911 2966 Deo
925 2919 1054 2982 creatora,
1067 2921 1134 2981 part.
1146 2917 1177 2976 t.

192 3007 215 3046 e.
230 2993 257 3056 i,
268 2993 293 3044 in
304 3009 354 3057 quo
369 2994 454 3059 aqitrrr
468 2996 500 3044 de
517 2994 626 3051 Pecooti
638 2995 784 3054 oripinutt't
795 2997 1005 3060 properatione.

121 3136 124 3138 η
223 3077 239 3120 ἰ
256 3072 457 3137 ndpermanmo
472 3071 620 3135 questionis
644 3081 738 3124 statum
761 3075 970 3140 cognoscendum
989 3075 1089 3138 juverit
1105 3087 1185 3140 pras--

192 3166 210 3204 ι
221 3143 336 3211 mittere,
352 3153 378 3202 ιι
390 3165 443 3202 nou
460 3163 521 3208 esse
537 3154 744 3216 permiscentem
758 3153 851 3221 dogma
866 3155 899 3206 de
916 3155 1048 3220 originalis
1071 3155 1175 3220 peceati

194 3249 210 3282 ιι,
222 3230 366 3283 existentia
380 3239 407 3282 et
420 3233 603 3298 propagatione
613 3247 670 3284 eum
680 3235 871 3306 propagationis
881 3237 969 3288 modo.
985 3234 1048 3286 illud
1057 3236 1126 3286 enim
1140 3235 1176 3288 tle

193 3324 205 3356 s
222 3305 273 3358 tide
286 3313 338 3368 est,
352 3309 402 3360 iste
416 3323 478 3360 vero
493 3325 543 3362 non
567 3313 640 3366 item.
661 3315 689 3366 ιι
713 3315 767 3366 Non
781 3329 841 3367 esse
855 3315 952 3380 pariter
967 3315 1176 3379 permiscendam

193 3389 206 3438 ι’
222 3390 423 3442 eontrotersiam
433 3389 469 3442 de
479 3392 616 3446 existentia
625 3407 684 3448 eum
694 3399 799 3447 notura
804 3399 832 3447 et
846 3399 960 3448 amentio
971 3396 1102 3461 originalis
1111 3408 1179 3463 pae-

192 3487 210 3520 ι
218 3470 282 3522 eata
295 3471 369 3523 Circa
380 3471 510 3538 ejusmodi
524 3475 623 3537 peceati
637 3474 781 3528 essentiam
789 3489 836 3544 seu
850 3483 968 3538 araturam
983 3475 1078 3539 plures.
1083 3474 1179 3548 aigae-

193 3565 207 3597 ι
221 3555 282 3622 runt
295 3548 472 3616 discrepantes
485 3554 620 3606 sententiae
633 3566 685 3610 non
699 3555 782 3607 solum
797 3555 865 3614 inter
878 3553 1020 3641 catholicos
1036 3559 1063 3634 et
1067 3559 1178 3626 protes·

194 3641 206 3672 ι
223 3617 318 3690 tantos,
335 3629 473 3680 sedetiam
490 3623 559 3682 inter
579 3623 720 3683 catholicos
734 3633 767 3684 ad
781 3617 924 3686 lnvleemi'..

207 3682 333 3764 suos,
344 3713 373 3756 ιιι
392 3699 587 3762 momentum
612 3707 779 3765 tuendorum
800 3711 1179 3781 contantinopolitanus
