2710 4116
518 301 720 372 453-

117 443 337 535 reparandum
356 465 418 510 non
434 445 616 511 tenebatur.
631 446 665 511 h.
682 443 782 511 Etiam
796 445 898 534 positi
912 443 1107 516 necessitate

117 551 344 643 reparationis,
367 552 455 619 Deus
467 551 623 642 potuisset
638 551 701 618 aiio
715 552 812 619 modo
831 573 983 640 reparare
999 553 1106 622 homi·

117 679 197 726 nem
210 679 219 736 3
230 658 352 724 scilieet
364 643 424 746 ipsi
437 657 647 724 coneedendo
659 657 778 743 gratias
795 659 915 746 quihus
927 655 1106 728 adducere·

116 779 172 832 tur
183 761 224 830 ad
242 763 476 852 poenitentiam,
495 767 560 850 qud
576 764 691 850 posite,
710 763 799 830 Deus
814 764 957 849 gratuito
973 765 1102 832 veniam

118 884 153 938 et
181 870 418 958 reparationem
434 869 613 936 concedere
640 868 798 956 potuisset
819 875 866 951 (ut
889 865 1029 940 diximus
1046 871 1110 940 ubi·

119 976 161 1044 dc
184 975 352 1055 scaritos).

168 1081 206 1148 5⁰
224 1083 380 1149 Utrum...
396 1080 429 1148 io
442 1079 611 1169 hypothesi
625 1082 846 1166 reparationis
857 1081 1042 1170 simplicis?

168 1187 208 1256 R.
229 1188 411 1280 incarnatio
438 1207 505 1252 non
523 1200 591 1253 erat
607 1188 800 1254 necessaria.
825 1189 994 1279 Siquidem
1018 1192 1110 1260 Deus

120 1307 252 1384 poterat
267 1294 433 1360 hominem
451 1289 508 1382 per'
531 1293 630 1360 alium
647 1294 793 1360 medinm
811 1315 975 1385 reparare,
995 1309 1030 1363 ut
1045 1317 1100 1364 su·

121 1407 182 1490 pra
201 1397 355 1466 diximus
457 1427 458 1434 ¹
878 1449 881 1453 -

169 1505 378 1570 f⁰Utri1m...
396 1503 428 1568 in
452 1499 622 1589 hypothesi
638 1499 860 1586 reparationis
877 1498 1109 1592 paratusne-

122 1615 244 1679 tionem
257 1611 510 1696 aequivalentem,
529 1619 558 1673 et
571 1609 774 1693 perfectam?

171 1718 209 1784 R.
229 1716 413 1783 Necessaria
432 1728 479 1781 est
495 1714 686 1781 incarnatio.

169 1827 314 1890 Prionos.
333 1821 514 1890 Satisfaotio
533 1829 581 1888 est
597 1820 735 1889 redditio
752 1821 886 1892 honoris
899 1821 992 1892 alteri
1005 1821 1109 1893 hherd

124 1932 223 2000 facta.
242 1929 390 1997 Redditio
406 1929 561 1996 honoris:
578 1928 681 2007 idest,
702 1929 855 1996 exhibitio
869 1930 1057 2000 reverentiae
1076 1928 1110 1998 in

123 2034 562 2126 compensationeminjttriae
576 2056 584 2114 3
598 2037 687 2121 faeta
699 2036 814 2102 adteri:
830 2036 946 2125 injuria
964 2038 1064 2116 enim,
1075 2058 1113 2105 ae

122 2141 1114 2234 proindesatisfactioduassaltempersonassupponit3iibere:
1212 2225 1215 2228 ,

127 2251 272 2338 ahoquin
285 2250 435 2316 existeret
452 2249 650 2337 satispassio,
679 2269 745 2315 non
764 2257 842 2314 vero
865 2249 1052 2340 satisfactio.
1066 2287 1112 2300 -

130 2355 172 2421 Ut
186 2354 359 2422 satisfactio
370 2355 410 2421 sit
420 2355 629 2439 coquinatores,
643 2353 820 2438 requiritur
833 2367 869 2420 ut
880 2353 986 2422 honor
1002 2355 1112 2423 reddi⁴

135 2473 187 2526 ms
208 2461 395 2550 equivaleat
421 2458 548 2546 injuriae
567 2457 677 2523 iffatae.
697 2459 736 2523 Ut
758 2459 799 2524 sit
823 2455 954 2539 stricto,
980 2457 1113 2548 insuper

129 2567 305 2655 requiritur
321 2575 356 2634 ot
379 2565 435 2633 fiat
459 2586 497 2632 ex
523 2562 663 2657 propriis
682 2570 717 2629 et
744 2563 822 2631 alias
849 2557 1015 2633 indebitis.
1036 2559 1112 2650 Quo

130 2675 253 2764 posito,
1116 2663 1117 2670 '

174 2778 277 2846 Proh.
289 2776 474 2846 Necessaria
491 2784 539 2844 est
553 2775 729 2844 incarnatio
743 2782 811 2859 (seu
829 2774 943 2844 saitem
956 2774 1034 2843 unio
1052 2775 1111 2865 hy·

127 2885 284 2976 postatica
301 2879 550 2951 naturaedivinoe
566 2895 598 2947 et
607 2888 741 2966 creatae)
758 2883 787 2949 si
800 2899 838 2950 ex
852 2883 915 2951 unf
928 2895 1033 2970 parte,
1053 2898 1124 2951 nec-

126 2994 220 3060 Deus
237 3012 359 3079 porris,
379 3009 438 3057 nec
454 2994 599 3054 ereatura
618 3009 697 3077 poro
716 2989 839 3076 possint
865 2987 1116 3056 satisfactionem

127 3098 381 3186 aequivalentem
398 3102 429 3160 et
455 3094 630 3181 perfectam
647 3095 785 3174 offerre3
803 3096 830 3162 si
844 3115 882 3161 ex
904 3095 1115 3185 afteraparte,

129 3217 282 3271 creatura
299 3201 496 3290 hypostatice
509 3201 597 3269 unita
614 3199 711 3268 fuerit
727 3221 826 3288 capax
848 3199 948 3288 hujus
967 3202 1113 3270 satisfac-

129 3310 367 3398 tionishtqui,

182 3419 219 3482 1⁰
242 3418 331 3484 Deus
353 3436 454 3505 purus
471 3437 535 3482 non
554 3421 700 3504 potest...
729 3413 891 3502 siquidem
913 3422 961 3481 est
984 3413 1119 3502 incapax

130 3521 347 3611 subjectionis
371 3532 403 3594 et
418 3523 524 3590 meriti
540 3544 577 3589 aa
593 3522 730 3610 proinde
752 3521 859 3588 onmis
877 3519 1118 3591 satisfactionis.

131 3669 181 3680 —
199 3630 351 3699 Creatura
368 3651 449 3718 pura
472 3651 537 3697 non
549 3641 659 3718 potest.
678 3630 712 3696 f.
731 3627 848 3696 offerre
868 3627 1127 3698 satisfactionem
