2710 4116
589 373 634 390 ..
662 332 730 406 aaa
749 377 791 392 ...

203 477 285 552 eatio
297 499 306 544 a
320 498 397 564 ergo
414 477 469 546 tilii
483 498 521 546 ex
537 479 725 568 parentibus
740 477 909 566 baptizatis
923 480 997 560 orti,
1011 501 1186 554 uaaeeren-

203 598 255 651 tur
265 585 426 652 immunes
443 592 574 673 peceato
588 585 735 671 originali
748 607 758 664 3
778 585 940 671 siquidem
957 586 1099 654 tiliorum
1113 594 1185 658 ani·

201 704 386 758 amassent
409 713 482 782 pars
502 692 619 758 animae
643 699 813 780 parentum
838 698 857 756 a
883 695 1015 778 pe'eeato
1032 697 1180 782 originali

200 797 374 864 immunis:
395 797 482 884 qaod
498 797 614 864 salsum
628 810 738 878 est-ut
753 802 849 886 sopra
865 799 1088 886 probavimus.

245 904 281 970 4⁰
295 906 470 972 Peccatum
480 904 642 990 originale·
660 925 724 970 non
753 912 801 970 eat
820 904 1041 974 substantialis
1070 909 1179 998 imago

199 1007 332 1075 diaboli.
363 1010 446 1076 Narra
458 1031 495 1076 ex
516 1010 573 1076 ista
597 1010 749 1097 opinione
777 1023 969 1097 sequeretur
987 1013 1018 1076 l.
1045 1015 1184 1084 existere

199 1110 409 1182 substantiam
427 1137 485 1205 per
499 1137 534 1182 se
552 1115 684 1196 malam,
700 1117 788 1204 qnorl
805 1117 944 1204 pertinet
964 1118 1004 1184 ad
1022 1117 1174 1185 haeresim

137 1264 139 1268 -
197 1221 460 1290 llanielraeorum.
485 1224 682 1310 Sequeretur
704 1223 738 1288 l:
756 1223 806 1288 vel
822 1224 928 1289 Deum
946 1243 1017 1290 esse
1043 1243 1171 1292 eausam

197 1329 332 1418 peceati,
350 1329 399 1394 vel
415 1329 555 1416 aliquam
572 1349 647 1396 rem·
666 1329 803 1395 existere
825 1349 900 1416 quae
920 1349 986 1395 non
1004 1331 1044 1395 sit
1060 1331 1172 1410 alteo,

197 1434 419 1522 quodfalsum
437 1449 504 1502 esta
526 1435 846 1521 omnia-(enimam
861 1437 969 1520 ipsura
979 1437 1071 1522 sueto
1083 1448 1182 1503 eunt:

196 1549 227 1606 el
241 1543 312 1607 eine
325 1543 396 1627 ipso
403 1545 526 1628 sartum
542 1542 693 1608 estnihil.
705 1527 811 1623 (Joar'r.
826 1540 912 1622 1,·5.)
925 1542 1126 1629 sequeretur
1136 1543 1170 1608 5.

90 1737 95 1744 A
195 1657 364 1735 peecatum
377 1668 441 1714 non
459 1647 577 1714 aulerri
595 1669 652 1736 per
669 1647 882 1736 baptismum,
900 1667 965 1734 quo
982 1647 1073 1716 nulla
1099 1669 1172 1716 nou·

194 1753 720 1834 ferturautaufertursubstantia,
740 1753 828 1841 qnod
848 1751 966 1822 laisum
979 1765 1041 1821 est.
1079 1811 1084 1817 .

206 1889 209 1894 ·
240 1859 278 1925 δῦ
294 1852 702 1944 Peeeatumorigiualenon
713 1867 760 1926 est
771 1859 873 1926 tomes
887 1851 1170 1947 eoncupiscentia.

195 1965 319 2033 Naml.
343 1973 509 2052 peceatum
523 1966 679 2050 originale
698 1980 746 2034 eat
761 1974 929 2054 peceatum
945 1967 1076 2054 proprie
1104 1969 1172 2035 die·

195 2084 282 2150 tum3
301 2089 397 2158 porro
414 2071 680 2160 'eoncupiscentia
697 2094 761 2139 nou
780 2085 828 2140 est
845 2084 1027 2162 peecatum.
1043 2073 1078 2140 ᾖ.
1094 2077 1171 2142 Pee-

194 2181 302 2244 oatum
313 2175 471 2262 originale
485 2177 608 2244 tollitur
623 2200 681 2267 per
697 2179 894 2268 baptismum
907 2201 920 2260 ;·
935 2199 1032 2269 porro
1046 2201 1168 2250 correu-

194 2281 348 2370 pisaentia
359 2297 526 2370 pormanet
541 2296 612 2371 post
630 2285 842 2373 baptismum.

204 2407 206 2412 ’
240 2387 278 2453 6⁰
294 2389 464 2456 Peccatum
477 2391 633 2475 originale
643 2399 715 2456 'non
739 2403 788 2456 est
803 2389 941 2477 qualitas
959 2400 1081 2456 naturae
1097 2407 1171 2454 eor·

193 2499 298 2583 ruptae
317 2493 491 2563 inlraerena.
518 2494 597 2564 Nam
618 2497 648 2563 l.
668 2497 700 2562 in
716 2495 886 2583 hypothesi
903 2495 1076 2584 praetera,
1094 2513 1172 2584 pea-

117 2607 119 2610 ’
192 2591 300 2667 natum
317 2601 492 2687 originale,
522 2603 610 2690 quod
628 2615 676 2670 est
692 2616 859 2692 peecatum
878 2603 1007 2690 proprie
1028 2602 1169 2693 dietum,

191 2716 355 2775 crearetur
370 2709 401 2776 in
419 2709 526 2775 anima
542 2729 580 2776 ex
597 2709 753 2796 qualitate
769 2707 919 2774 morbida
939 2709 1102 2796 eorporis;
1120 2719 1168 2773 at·

191 2812 248 2902 qni
265 2813 327 2882 hoa
343 2814 535 2882 absurdum.
553 2815 588 2882 ᾖ.
607 2818 777 2884 Peoeatum
791 2812 947 2898 originale
966 2814 1092 2886 tollitur
1113 2835 1171 2902 per

142 2924 145 2932 ‘
192 2920 413 3010 baptismum3
432 2944 529 3010 porro
550 2920 621 2990 haee
633 2920 772 3010 qualitas
788 2921 950 3003 morb'iila,
968 2942 1042 3008 quaa
1059 2922 1090 2988 in
1104 2943 1172 3010 sys-

191 3039 309 3094 temate
325 3027 463 3114 Magistri
476 3029 706 3094 sententiar-una
724 3029 803 3096 nihil
817 3028 906 3094 aliud
923 3035 971 3095 est
985 3034 1085 3118 quim
1097 3049 1174 3096 eon·

191 3131 387 3217 eupiseentia
404 3131 435 3198 in
462 3136 625 3218 quantum
641 3133 777 3202 inhaeret
795 3133 944 3224 corpori,
964 3155 1022 3224 per
1046 3133 1168 3222 baptis·

190 3237 583 3305 mumnontlestruitur.‹
1061 3311 1064 3316 .
1173 3315 1176 3320 ,

151 3361 154 3367 ·
234 3343 271 3409 7⁰
287 3345 461 3412 Peccatum
470 3343 639 3432 originale,
654 3350 814 3433 quatenus
831 3348 972 3428 actuale,
991 3353 1039 3414 eat
1057 3366 1171 3435 penea-

190 3463 257 3519 tu'm
275 3451 316 3520 alr
342 3448 465 3520 ndamo
484 3454 702 3521 *commissum
727 3458 824 3542 prout
844 3472 1019 3543 personam
1040 3453 1176 3538 gener-io

187 3555 323 3624 lturnaai
334 3557 483 3645 gerebat3
499 3563 658 3645 quatenns
675 3559 851 3639 latitante,
870 3571 920 3626 eet
934 3557 1059 3626 aversio
1077 3555 1171 3636 habi·

7 3665 12 3672 '
134 3708 135 3712 ,
188 3659 428 3740 laqueatam,
449 3675 523 3728 orta.
535 3685 574 3729 ea
590 3673 720 3750 peecata
744 3665 872 3751 generis
888 3663 1082 3732 lrumauiain.
1097 3683 1175 3754 per>
