<?xml version="1.0" encoding="UTF-8"?>
<!DOCTYPE html PUBLIC "-//W3C//DTD XHTML 1.0 Transitional//EN"
    "http://www.w3.org/TR/xhtml1/DTD/xhtml1-transitional.dtd">
<html xmlns="http://www.w3.org/1999/xhtml" xml:lang="en" lang="en">
 <head>
  <title>
</title>
<meta http-equiv="Content-Type" content="text/html;charset=utf-8" />
  <meta name='ocr-system' content='tesseract 3.04.00' />
  <meta name='ocr-capabilities' content='ocr_page ocr_carea ocr_par ocr_line ocrx_word'/>
</head>
<body>
  <div class='ocr_page' id='page_1' title='image "./theologiadogmat03fraigoog_0021.png"; bbox 0 0 2622 4154; ppageno 0'>
   <div class='ocr_carea' id='block_1_1' title="bbox 642 387 819 459">
    <p class='ocr_par' dir='ltr' id='par_1_1' title="bbox 642 387 819 459">
     <span class='ocr_line' id='line_1_1' title="bbox 642 387 819 459; baseline -0.011 -15"><span class='ocrx_word' id='word_1_1' title='bbox 642 387 819 459; x_wconf 70' lang='lat' dir='ltr'>...lo-.-</span> 
     </span>
    </p>
   </div>
   <div class='ocr_carea' id='block_1_2' title="bbox 11 527 1295 3804">
    <p class='ocr_par' dir='ltr' id='par_1_2' title="bbox 236 527 1221 1238">
     <span class='ocr_line' id='line_1_2' title="bbox 238 527 1220 620; baseline -0.011 -16"><span class='ocrx_word' id='word_1_2' title='bbox 238 532 546 620; x_wconf 81' lang='lat' dir='ltr'>odvitominpredi‚</span> <span class='ocrx_word' id='word_1_3' title='bbox 564 553 661 598; x_wconf 83' lang='lat' dir='ltr'>aaran</span> <span class='ocrx_word' id='word_1_4' title='bbox 677 533 848 598; x_wconf 83' lang='lat' dir='ltr'>mandato.</span> <span class='ocrx_word' id='word_1_5' title='bbox 868 529 1063 598; x_wconf 83' lang='lat' dir='ltr'>Similitcrat</span> <span class='ocrx_word' id='word_1_6' title='bbox 1084 527 1220 614; x_wconf 54' lang='lat' dir='ltr'>tpostoae</span> 
     </span>
     <span class='ocr_line' id='line_1_3' title="bbox 237 635 1221 721; baseline -0.01 -9"><span class='ocrx_word' id='word_1_7' title='bbox 237 643 301 721; x_wconf 81' lang='lat' dir='ltr'>lue,</span> <span class='ocrx_word' id='word_1_8' title='bbox 320 643 428 719; x_wconf 82' lang='lat' dir='ltr'>Rom,</span> <span class='ocrx_word' id='word_1_9' title='bbox 449 641 482 719; x_wconf 75' lang='lat'>2,</span> <span class='ocrx_word' id='word_1_10' title='bbox 504 640 564 704; x_wconf 72' lang='lat' dir='ltr'>ld:</span> <span class='ocrx_word' id='word_1_11' title='bbox 582 639 653 707; x_wconf 82' lang='lat' dir='ltr'>Non</span> <span class='ocrx_word' id='word_1_12' title='bbox 672 640 837 706; x_wconf 77' lang='lat' dir='ltr'><strong><em>auditores</em></strong></span> <span class='ocrx_word' id='word_1_13' title='bbox 854 637 1018 721; x_wconf 78' lang='lat' dir='ltr'>lepiajusti</span> <span class='ocrx_word' id='word_1_14' title='bbox 1038 644 1114 702; x_wconf 82' lang='lat' dir='ltr'>attat</span> <span class='ocrx_word' id='word_1_15' title='bbox 1128 635 1221 720; x_wconf 75' lang='lat' dir='ltr'>opud</span> 
     </span>
     <span class='ocr_line' id='line_1_4' title="bbox 236 739 1216 830; baseline -0.008 -16"><span class='ocrx_word' id='word_1_16' title='bbox 236 750 354 826; x_wconf 85' lang='lat' dir='ltr'>Deoua,</span> <span class='ocrx_word' id='word_1_17' title='bbox 378 748 436 812; x_wconf 83' lang='lat' dir='ltr'>sed</span> <span class='ocrx_word' id='word_1_18' title='bbox 453 748 594 828; x_wconf 75' lang='lat' dir='ltr'>foetores</span> <span class='ocrx_word' id='word_1_19' title='bbox 611 745 688 830; x_wconf 82' lang='lat' dir='ltr'>lepis</span> <span class='ocrx_word' id='word_1_20' title='bbox 717 741 998 830; x_wconf 80' lang='lat' dir='ltr'>justificabuntur.</span> <span class='ocrx_word' id='word_1_21' title='bbox 1023 740 1113 806; x_wconf 84' lang='lat' dir='ltr'><strong>Idem</strong></span> <span class='ocrx_word' id='word_1_22' title='bbox 1137 739 1216 806; x_wconf 83' lang='lat' dir='ltr'>deli·</span> 
     </span>
     <span class='ocr_line' id='line_1_5' title="bbox 237 845 1219 931; baseline -0.006 -13"><span class='ocrx_word' id='word_1_23' title='bbox 237 853 316 918; x_wconf 91' lang='lat' dir='ltr'>nivit</span> <span class='ocrx_word' id='word_1_24' title='bbox 330 851 428 918; x_wconf 86' lang='lat' dir='ltr'>Cano.</span> <span class='ocrx_word' id='word_1_25' title='bbox 439 851 544 929; x_wconf 75' lang='lat' dir='ltr'>Tria,</span> <span class='ocrx_word' id='word_1_26' title='bbox 555 850 679 927; x_wconf 73' lang='lat' dir='ltr'>seseli,</span> <span class='ocrx_word' id='word_1_27' title='bbox 691 870 763 916; x_wconf 86' lang='lat' dir='ltr'>can.</span> <span class='ocrx_word' id='word_1_28' title='bbox 779 849 816 914; x_wconf 74' lang='lat' dir='ltr'>at</span> <span class='ocrx_word' id='word_1_29' title='bbox 827 871 835 912; x_wconf 93' lang='lat'><strong>:</strong></span> <span class='ocrx_word' id='word_1_30' title='bbox 848 847 967 931; x_wconf 85' lang='lat' dir='ltr'>Siquis</span> <span class='ocrx_word' id='word_1_31' title='bbox 979 846 1098 914; x_wconf 80' lang='lat' dir='ltr'>dicerit</span> <span class='ocrx_word' id='word_1_32' title='bbox 1113 845 1219 914; x_wconf 74' lang='lat' dir='ltr'>ttrit-</span> 
     </span>
     <span class='ocr_line' id='line_1_6' title="bbox 237 954 1220 1040; baseline -0.007 -15"><span class='ocrx_word' id='word_1_33' title='bbox 237 971 302 1026; x_wconf 85' lang='lat' dir='ltr'>tum</span> <span class='ocrx_word' id='word_1_34' title='bbox 319 959 427 1024; x_wconf 81' lang='lat' dir='ltr'>lesum</span> <span class='ocrx_word' id='word_1_35' title='bbox 447 958 630 1024; x_wconf 78' lang='lat' dir='ltr'>bominibus</span> <span class='ocrx_word' id='word_1_36' title='bbox 654 959 766 1022; x_wconf 86' lang='lat' dir='ltr'>datum</span> <span class='ocrx_word' id='word_1_37' title='bbox 788 957 889 1040; x_wconf 79' lang='lat' dir='ltr'>scisse</span> <span class='ocrx_word' id='word_1_38' title='bbox 916 965 951 1020; x_wconf 83' lang='lat' dir='ltr'>ot</span> <span class='ocrx_word' id='word_1_39' title='bbox 976 954 1220 1038; x_wconf 83' lang='lat' dir='ltr'>Redemptoram</span> 
     </span>
     <span class='ocr_line' id='line_1_7' title="bbox 236 1059 1216 1152; baseline -0.005 -23"><span class='ocrx_word' id='word_1_40' title='bbox 236 1066 417 1152; x_wconf 71' lang='lat' dir='ltr'>coifidont</span> <span class='ocrx_word' id='word_1_41' title='bbox 441 1083 507 1129; x_wconf 86' lang='lat' dir='ltr'>nort</span> <span class='ocrx_word' id='word_1_42' title='bbox 530 1065 626 1129; x_wconf 85' lang='lat' dir='ltr'>etiam</span> <span class='ocrx_word' id='word_1_43' title='bbox 651 1073 686 1128; x_wconf 84' lang='lat' dir='ltr'>ut</span> <span class='ocrx_word' id='word_1_44' title='bbox 707 1061 942 1147; x_wconf 77' lang='lat' dir='ltr'>Lepiilotorem</span> <span class='ocrx_word' id='word_1_45' title='bbox 968 1059 1216 1138; x_wconf 79' lang='lat' dir='ltr'>cui-obediunt,</span> 
     </span>
     <span class='ocr_line' id='line_1_8' title="bbox 236 1170 484 1238; baseline -0.02 0"><span class='ocrx_word' id='word_1_46' title='bbox 236 1171 414 1238; x_wconf 79' lang='lat' dir='ltr'>oaotltotrto</span> <span class='ocrx_word' id='word_1_47' title='bbox 430 1170 484 1234; x_wconf 83' lang='lat' dir='ltr'>ait.</span> 
     </span>
    </p>

    <p class='ocr_par' dir='ltr' id='par_1_3' title="bbox 203 1259 1217 1675">
     <span class='ocr_line' id='line_1_9' title="bbox 203 1259 1217 1342; baseline -0.004 0"><span class='ocrx_word' id='word_1_48' title='bbox 203 1259 207 1267; x_wconf 44' lang='lat'><strong>¹</strong></span> <span class='ocrx_word' id='word_1_49' title='bbox 281 1275 323 1341; x_wconf 85' lang='lat' dir='ltr'>Ex</span> <span class='ocrx_word' id='word_1_50' title='bbox 340 1275 434 1341; x_wconf 88' lang='lat' dir='ltr'>dictis</span> <span class='ocrx_word' id='word_1_51' title='bbox 447 1265 573 1340; x_wconf 85' lang='lat' dir='ltr'>constat</span> <span class='ocrx_word' id='word_1_52' title='bbox 585 1274 786 1342; x_wconf 76' lang='lat' dir='ltr'>hominema</span> <span class='ocrx_word' id='word_1_53' title='bbox 808 1272 877 1338; x_wconf 89' lang='lat' dir='ltr'>Deo</span> <span class='ocrx_word' id='word_1_54' title='bbox 894 1273 933 1337; x_wconf 88' lang='lat' dir='ltr'>ad</span> <span class='ocrx_word' id='word_1_55' title='bbox 950 1271 1049 1338; x_wconf 81' lang='lat' dir='ltr'>tinam</span> <span class='ocrx_word' id='word_1_56' title='bbox 1063 1271 1217 1338; x_wconf 89' lang='lat' dir='ltr'>ultimum</span> 
     </span>
     <span class='ocr_line' id='line_1_10' title="bbox 236 1375 1216 1468; baseline -0.008 -19"><span class='ocrx_word' id='word_1_57' title='bbox 236 1383 329 1468; x_wconf 82' lang='lat' dir='ltr'>dirigi</span> <span class='ocrx_word' id='word_1_58' title='bbox 344 1381 452 1448; x_wconf 91' lang='lat' dir='ltr'>medio</span> <span class='ocrx_word' id='word_1_59' title='bbox 465 1381 650 1465; x_wconf 84' lang='lat' dir='ltr'>regularum</span> <span class='ocrx_word' id='word_1_60' title='bbox 664 1381 730 1446; x_wconf 85' lang='lat' dir='ltr'>siue</span> <span class='ocrx_word' id='word_1_61' title='bbox 741 1377 971 1461; x_wconf 85' lang='lat' dir='ltr'>intelligentiae,</span> <span class='ocrx_word' id='word_1_62' title='bbox 981 1378 1048 1442; x_wconf 83' lang='lat' dir='ltr'>sive</span> <span class='ocrx_word' id='word_1_63' title='bbox 1060 1375 1216 1445; x_wconf 84' lang='lat' dir='ltr'>uoluntati</span> 
     </span>
     <span class='ocr_line' id='line_1_11' title="bbox 234 1482 1214 1573; baseline 0.003 -26"><span class='ocrx_word' id='word_1_64' title='bbox 234 1494 268 1547; x_wconf 89' lang='lat' dir='ltr'>et</span> <span class='ocrx_word' id='word_1_65' title='bbox 282 1483 431 1551; x_wconf 82' lang='lat' dir='ltr'>activitati</span> <span class='ocrx_word' id='word_1_66' title='bbox 444 1507 512 1552; x_wconf 91' lang='lat' dir='ltr'>suae</span> <span class='ocrx_word' id='word_1_67' title='bbox 529 1487 767 1573; x_wconf 84' lang='lat' dir='ltr'>impositorum.</span> <span class='ocrx_word' id='word_1_68' title='bbox 784 1483 876 1550; x_wconf 85' lang='lat' dir='ltr'>Circa</span> <span class='ocrx_word' id='word_1_69' title='bbox 900 1482 1029 1566; x_wconf 86' lang='lat' dir='ltr'>regulas</span> <span class='ocrx_word' id='word_1_70' title='bbox 1045 1482 1214 1571; x_wconf 84' lang='lat' dir='ltr'>praetlictaa</span> 
     </span>
     <span class='ocr_line' id='line_1_12' title="bbox 232 1586 1055 1675; baseline -0.004 -20"><span class='ocrx_word' id='word_1_71' title='bbox 232 1603 382 1657; x_wconf 80' lang='lat' dir='ltr'>versatur</span> <span class='ocrx_word' id='word_1_72' title='bbox 397 1605 500 1658; x_wconf 90' lang='lat' dir='ltr'>tatum</span> <span class='ocrx_word' id='word_1_73' title='bbox 516 1591 707 1675; x_wconf 78' lang='lat' dir='ltr'>theologicae</span> <span class='ocrx_word' id='word_1_74' title='bbox 718 1589 862 1656; x_wconf 75' lang='lat' dir='ltr'>scientiae</span> <span class='ocrx_word' id='word_1_75' title='bbox 876 1586 1055 1674; x_wconf 84' lang='lat' dir='ltr'>objectum.</span> 
     </span>
    </p>

    <p class='ocr_par' dir='ltr' id='par_1_4' title="bbox 233 1695 1214 1994">
     <span class='ocr_line' id='line_1_13' title="bbox 262 1695 1213 1784; baseline 0 -22"><span class='ocrx_word' id='word_1_76' title='bbox 262 1695 359 1762; x_wconf 74' lang='lat' dir='ltr'>&#39;Cium</span> <span class='ocrx_word' id='word_1_77' title='bbox 383 1712 491 1765; x_wconf 84' lang='lat' dir='ltr'>autem</span> <span class='ocrx_word' id='word_1_78' title='bbox 521 1697 643 1780; x_wconf 75' lang='lat' dir='ltr'>regulae</span> <span class='ocrx_word' id='word_1_79' title='bbox 671 1695 834 1782; x_wconf 72' lang='lat' dir='ltr'>praedictae</span> <span class='ocrx_word' id='word_1_80' title='bbox 861 1695 894 1759; x_wconf 95' lang='lat' dir='ltr'>in</span> <span class='ocrx_word' id='word_1_81' title='bbox 921 1695 1061 1761; x_wconf 81' lang='lat' dir='ltr'>divorsas</span> <span class='ocrx_word' id='word_1_82' title='bbox 1089 1695 1213 1784; x_wconf 81' lang='lat' dir='ltr'>species</span> 
     </span>
     <span class='ocr_line' id='line_1_14' title="bbox 233 1797 1214 1888; baseline -0.002 -20"><span class='ocrx_word' id='word_1_83' title='bbox 233 1800 487 1886; x_wconf 71' lang='lat' dir='ltr'>distinguantur,</span> <span class='ocrx_word' id='word_1_84' title='bbox 516 1801 672 1888; x_wconf 77' lang='lat' dir='ltr'>expositio</span> <span class='ocrx_word' id='word_1_85' title='bbox 700 1799 879 1884; x_wconf 86' lang='lat' dir='ltr'>theologica</span> <span class='ocrx_word' id='word_1_86' title='bbox 906 1797 1102 1886; x_wconf 56' lang='lat' dir='ltr'>inssdiversas</span> <span class='ocrx_word' id='word_1_87' title='bbox 1133 1801 1214 1867; x_wconf 85' lang='lat' dir='ltr'>divi·</span> 
     </span>
     <span class='ocr_line' id='line_1_15' title="bbox 233 1905 1212 1994; baseline 0.002 -24"><span class='ocrx_word' id='word_1_88' title='bbox 233 1907 321 1972; x_wconf 91' lang='lat' dir='ltr'>ditur</span> <span class='ocrx_word' id='word_1_89' title='bbox 337 1913 456 1991; x_wconf 86' lang='lat' dir='ltr'>partes,</span> <span class='ocrx_word' id='word_1_90' title='bbox 478 1927 552 1992; x_wconf 85' lang='lat' dir='ltr'>quac</span> <span class='ocrx_word' id='word_1_91' title='bbox 569 1905 725 1994; x_wconf 88' lang='lat' dir='ltr'>speciales</span> <span class='ocrx_word' id='word_1_92' title='bbox 748 1906 909 1994; x_wconf 86' lang='lat' dir='ltr'>accipiunt</span> <span class='ocrx_word' id='word_1_93' title='bbox 933 1906 1212 1972; x_wconf 73' lang='lat' dir='ltr'>denominationes</span> 
     </span>
    </p>

    <p class='ocr_par' dir='ltr' id='par_1_5' title="bbox 27 2011 1212 2100">
     <span class='ocr_line' id='line_1_16' title="bbox 27 2011 1212 2100; baseline 0.001 -25"><span class='ocrx_word' id='word_1_94' title='bbox 27 2083 29 2096; x_wconf 37' lang='grc' dir='ltr'>Ι</span> <span class='ocrx_word' id='word_1_95' title='bbox 232 2031 292 2098; x_wconf 89' lang='lat' dir='ltr'>pro</span> <span class='ocrx_word' id='word_1_96' title='bbox 303 2011 438 2078; x_wconf 86' lang='lat' dir='ltr'>diversis</span> <span class='ocrx_word' id='word_1_97' title='bbox 452 2011 636 2096; x_wconf 84' lang='lat' dir='ltr'>regularum</span> <span class='ocrx_word' id='word_1_98' title='bbox 649 2013 832 2100; x_wconf 78' lang='lat' dir='ltr'>speciebus.</span> <span class='ocrx_word' id='word_1_99' title='bbox 850 2051 894 2062; x_wconf 95' lang='lat'><em>-</em></span> <span class='ocrx_word' id='word_1_100' title='bbox 904 2012 1035 2096; x_wconf 81' lang='lat' dir='ltr'>Regulae</span> <span class='ocrx_word' id='word_1_101' title='bbox 1050 2032 1125 2098; x_wconf 82' lang='lat' dir='ltr'>quae</span> <span class='ocrx_word' id='word_1_102' title='bbox 1152 2011 1212 2077; x_wconf 88' lang='lat' dir='ltr'>bo·</span> 
     </span>
    </p>

    <p class='ocr_par' dir='ltr' id='par_1_6' title="bbox 34 2116 1295 3267">
     <span class='ocr_line' id='line_1_17' title="bbox 34 2116 1211 2213; baseline 0 -32"><span class='ocrx_word' id='word_1_103' title='bbox 34 2147 35 2154; x_wconf 15' lang='grc' dir='ltr'><strong>κ</strong></span> <span class='ocrx_word' id='word_1_104' title='bbox 139 2193 145 2213; x_wconf 34' lang='grc' dir='ltr'>ι</span> <span class='ocrx_word' id='word_1_105' title='bbox 233 2116 330 2182; x_wconf 89' lang='lat' dir='ltr'>minis</span> <span class='ocrx_word' id='word_1_106' title='bbox 346 2116 565 2202; x_wconf 73' lang='lat' dir='ltr'>intelligentiae</span> <span class='ocrx_word' id='word_1_107' title='bbox 584 2119 732 2186; x_wconf 82' lang='lat' dir='ltr'>veritates</span> <span class='ocrx_word' id='word_1_108' title='bbox 760 2119 939 2186; x_wconf 84' lang='lat' dir='ltr'>credendes</span> <span class='ocrx_word' id='word_1_109' title='bbox 963 2119 1134 2204; x_wconf 90' lang='lat' dir='ltr'>imponunt</span> <span class='ocrx_word' id='word_1_110' title='bbox 1150 2117 1211 2182; x_wconf 85' lang='lat' dir='ltr'>‘di-</span> 
     </span>
     <span class='ocr_line' id='line_1_18' title="bbox 231 2221 1212 2311; baseline 0.004 -25"><span class='ocrx_word' id='word_1_111' title='bbox 231 2233 348 2287; x_wconf 88' lang='lat' dir='ltr'>cuntur</span> <span class='ocrx_word' id='word_1_112' title='bbox 364 2223 566 2308; x_wconf 69' lang='lat' dir='ltr'>dogmatica,</span> <span class='ocrx_word' id='word_1_113' title='bbox 595 2230 625 2290; x_wconf 88' lang='lat' dir='ltr'>ct</span> <span class='ocrx_word' id='word_1_114' title='bbox 650 2245 724 2311; x_wconf 85' lang='lat' dir='ltr'>pars</span> <span class='ocrx_word' id='word_1_115' title='bbox 747 2225 919 2309; x_wconf 86' lang='lat' dir='ltr'>theologiae</span> <span class='ocrx_word' id='word_1_116' title='bbox 943 2243 1016 2308; x_wconf 78' lang='lat' dir='ltr'>quac</span> <span class='ocrx_word' id='word_1_117' title='bbox 1039 2221 1212 2310; x_wconf 76' lang='lat' dir='ltr'>praedictas</span> 
     </span>
     <span class='ocr_line' id='line_1_19' title="bbox 230 2325 1211 2414; baseline 0.006 -24"><span class='ocrx_word' id='word_1_118' title='bbox 230 2325 359 2409; x_wconf 89' lang='lat' dir='ltr'>regulas</span> <span class='ocrx_word' id='word_1_119' title='bbox 372 2327 627 2414; x_wconf 85' lang='lat' dir='ltr'>exponitdicitur</span> <span class='ocrx_word' id='word_1_120' title='bbox 639 2331 799 2414; x_wconf 75' lang='lat' dir='ltr'>theologia</span> <span class='ocrx_word' id='word_1_121' title='bbox 810 2329 1005 2414; x_wconf 75' lang='lat' dir='ltr'>dogmatico.</span> <span class='ocrx_word' id='word_1_122' title='bbox 1016 2365 1063 2378; x_wconf 84' lang='grc'>-</span> <span class='ocrx_word' id='word_1_123' title='bbox 1079 2327 1211 2411; x_wconf 83' lang='lat' dir='ltr'>llcgulae</span> 
     </span>
     <span class='ocr_line' id='line_1_20' title="bbox 230 2432 1211 2522; baseline 0.004 -26"><span class='ocrx_word' id='word_1_124' title='bbox 230 2451 304 2516; x_wconf 85' lang='lat' dir='ltr'>quae</span> <span class='ocrx_word' id='word_1_125' title='bbox 331 2432 486 2499; x_wconf 84' lang='lat' dir='ltr'>voluntati</span> <span class='ocrx_word' id='word_1_126' title='bbox 514 2446 546 2500; x_wconf 91' lang='lat' dir='ltr'>et</span> <span class='ocrx_word' id='word_1_127' title='bbox 567 2436 717 2502; x_wconf 88' lang='lat' dir='ltr'>activitati</span> <span class='ocrx_word' id='word_1_128' title='bbox 744 2436 896 2500; x_wconf 85' lang='lat' dir='ltr'>humanae</span> <span class='ocrx_word' id='word_1_129' title='bbox 920 2432 1065 2500; x_wconf 85' lang='lat' dir='ltr'>socienda</span> <span class='ocrx_word' id='word_1_130' title='bbox 1090 2455 1211 2522; x_wconf 81' lang='lat' dir='ltr'>propa-</span> 
     </span>
     <span class='ocr_line' id='line_1_21' title="bbox 229 2538 1210 2617; baseline 0.004 -15"><span class='ocrx_word' id='word_1_131' title='bbox 229 2548 322 2617; x_wconf 85' lang='lat' dir='ltr'>nunt,</span> <span class='ocrx_word' id='word_1_132' title='bbox 337 2538 368 2604; x_wconf 91' lang='lat' dir='ltr'>in</span> <span class='ocrx_word' id='word_1_133' title='bbox 385 2539 527 2606; x_wconf 84' lang='lat' dir='ltr'>diversas</span> <span class='ocrx_word' id='word_1_134' title='bbox 544 2542 641 2608; x_wconf 90' lang='lat' dir='ltr'>etiam</span> <span class='ocrx_word' id='word_1_135' title='bbox 652 2542 770 2608; x_wconf 80' lang='lat' dir='ltr'>classes</span> <span class='ocrx_word' id='word_1_136' title='bbox 783 2539 990 2606; x_wconf 85' lang='lat' dir='ltr'>dividuntur:</span> <span class='ocrx_word' id='word_1_137' title='bbox 1015 2539 1085 2606; x_wconf 80' lang='lat' dir='ltr'>alite</span> <span class='ocrx_word' id='word_1_138' title='bbox 1097 2541 1210 2607; x_wconf 87' lang='lat' dir='ltr'>ariun-</span> 
     </span>
     <span class='ocr_line' id='line_1_22' title="bbox 231 2644 1213 2735; baseline 0.004 -27"><span class='ocrx_word' id='word_1_139' title='bbox 231 2656 286 2709; x_wconf 92' lang='lat' dir='ltr'>tur</span> <span class='ocrx_word' id='word_1_140' title='bbox 299 2644 486 2712; x_wconf 71' lang='lat' dir='ltr'>immediate</span> <span class='ocrx_word' id='word_1_141' title='bbox 506 2649 628 2728; x_wconf 76' lang='lat' dir='ltr'>bDeo,</span> <span class='ocrx_word' id='word_1_142' title='bbox 658 2656 690 2713; x_wconf 89' lang='lat' dir='ltr'>ct</span> <span class='ocrx_word' id='word_1_143' title='bbox 716 2669 790 2735; x_wconf 92' lang='lat' dir='ltr'>pars</span> <span class='ocrx_word' id='word_1_144' title='bbox 808 2647 1068 2734; x_wconf 21' lang='lat' dir='ltr'>theologioeaquae</span> <span class='ocrx_word' id='word_1_145' title='bbox 1085 2647 1213 2713; x_wconf 79' lang='lat' dir='ltr'>deictis</span> 
     </span>
     <span class='ocr_line' id='line_1_23' title="bbox 226 2753 1207 2842; baseline 0.003 -25"><span class='ocrx_word' id='word_1_146' title='bbox 226 2762 400 2838; x_wconf 81' lang='lat' dir='ltr'>pertractat</span> <span class='ocrx_word' id='word_1_147' title='bbox 428 2753 545 2821; x_wconf 88' lang='lat' dir='ltr'>dicitur</span> <span class='ocrx_word' id='word_1_148' title='bbox 577 2755 738 2840; x_wconf 81' lang='lat' dir='ltr'>tireolopio</span> <span class='ocrx_word' id='word_1_149' title='bbox 765 2756 901 2822; x_wconf 85' lang='lat' dir='ltr'>otorolis</span> <span class='ocrx_word' id='word_1_150' title='bbox 928 2755 1037 2823; x_wconf 81' lang='lat' dir='ltr'>stricte</span> <span class='ocrx_word' id='word_1_151' title='bbox 1064 2762 1207 2842; x_wconf 85' lang='lat' dir='ltr'>sumpta.</span> 
     </span>
     <span class='ocr_line' id='line_1_24' title="bbox 225 2855 1295 2950; baseline 0.005 -27"><span class='ocrx_word' id='word_1_152' title='bbox 225 2855 302 2924; x_wconf 81' lang='lat' dir='ltr'>ttiae</span> <span class='ocrx_word' id='word_1_153' title='bbox 319 2860 468 2926; x_wconf 89' lang='lat' dir='ltr'>oriuntur</span> <span class='ocrx_word' id='word_1_154' title='bbox 496 2865 514 2927; x_wconf 76' lang='grc' dir='ltr'>ὲ</span> <span class='ocrx_word' id='word_1_155' title='bbox 538 2862 607 2928; x_wconf 89' lang='lat' dir='ltr'>Dec</span> <span class='ocrx_word' id='word_1_156' title='bbox 637 2861 797 2941; x_wconf 75' lang='lat' dir='ltr'>mediata,</span> <span class='ocrx_word' id='word_1_157' title='bbox 824 2883 882 2928; x_wconf 92' lang='lat' dir='ltr'>seu</span> <span class='ocrx_word' id='word_1_158' title='bbox 909 2862 1123 2950; x_wconf 87' lang='lat' dir='ltr'>imponuntur</span> <span class='ocrx_word' id='word_1_159' title='bbox 1151 2883 1210 2948; x_wconf 88' lang='lat' dir='ltr'>per</span> <span class='ocrx_word' id='word_1_160' title='bbox 1293 2903 1295 2950; x_wconf 68' lang='lat'><em>5</em></span> 
     </span>
     <span class='ocr_line' id='line_1_25' title="bbox 222 2967 1207 3054; baseline 0.007 -27"><span class='ocrx_word' id='word_1_161' title='bbox 222 2973 396 3050; x_wconf 84' lang='lat' dir='ltr'>potestates</span> <span class='ocrx_word' id='word_1_162' title='bbox 413 2967 565 3032; x_wconf 81' lang='lat' dir='ltr'>divinitits</span> <span class='ocrx_word' id='word_1_163' title='bbox 582 2968 759 3044; x_wconf 87' lang='lat' dir='ltr'>ordinatas,</span> <span class='ocrx_word' id='word_1_164' title='bbox 787 2967 910 3031; x_wconf 84' lang='lat' dir='ltr'>scilicet</span> <span class='ocrx_word' id='word_1_165' title='bbox 935 2986 994 3053; x_wconf 89' lang='lat' dir='ltr'>per</span> <span class='ocrx_word' id='word_1_166' title='bbox 1011 2978 1207 3054; x_wconf 85' lang='lat' dir='ltr'>potestatem</span> 
     </span>
     <span class='ocr_line' id='line_1_26' title="bbox 225 3071 1291 3160; baseline 0.008 -26"><span class='ocrx_word' id='word_1_167' title='bbox 225 3071 477 3136; x_wconf 87' lang='lat' dir='ltr'>ecclesiasticam</span> <span class='ocrx_word' id='word_1_168' title='bbox 494 3084 526 3137; x_wconf 89' lang='lat' dir='ltr'>et</span> <span class='ocrx_word' id='word_1_169' title='bbox 552 3093 609 3159; x_wconf 89' lang='lat' dir='ltr'>per</span> <span class='ocrx_word' id='word_1_170' title='bbox 632 3078 822 3160; x_wconf 84' lang='lat' dir='ltr'>potestatem</span> <span class='ocrx_word' id='word_1_171' title='bbox 841 3072 980 3139; x_wconf 85' lang='lat' dir='ltr'>civilem.</span> <span class='ocrx_word' id='word_1_172' title='bbox 999 3076 1137 3142; x_wconf 83' lang='lat' dir='ltr'>Istorum</span> <span class='ocrx_word' id='word_1_173' title='bbox 1155 3095 1207 3142; x_wconf 89' lang='lat' dir='ltr'>co·</span> <span class='ocrx_word' id='word_1_174' title='bbox 1289 3073 1291 3157; x_wconf 78' lang='lat' dir='ltr'>j</span> 
     </span>
     <span class='ocr_line' id='line_1_27' title="bbox 223 3171 1289 3267; baseline 0.009 -28"><span class='ocrx_word' id='word_1_175' title='bbox 223 3176 325 3260; x_wconf 86' lang='lat' dir='ltr'>gnitio</span> <span class='ocrx_word' id='word_1_176' title='bbox 343 3175 405 3242; x_wconf 90' lang='lat' dir='ltr'>sub</span> <span class='ocrx_word' id='word_1_177' title='bbox 422 3176 531 3243; x_wconf 87' lang='lat' dir='ltr'>multis</span> <span class='ocrx_word' id='word_1_178' title='bbox 549 3177 748 3266; x_wconf 82' lang='lat' dir='ltr'>respectibus</span> <span class='ocrx_word' id='word_1_179' title='bbox 764 3179 902 3267; x_wconf 88' lang='lat' dir='ltr'>pertinet</span> <span class='ocrx_word' id='word_1_180' title='bbox 920 3181 1066 3248; x_wconf 82' lang='lat' dir='ltr'>etiamad</span> <span class='ocrx_word' id='word_1_181' title='bbox 1080 3179 1208 3250; x_wconf 88' lang='lat' dir='ltr'>theolo-</span> <span class='ocrx_word' id='word_1_182' title='bbox 1287 3171 1289 3257; x_wconf 71' lang='lat' dir='ltr'>l</span> 
     </span>
    </p>

    <p class='ocr_par' dir='ltr' id='par_1_7' title="bbox 11 3280 1287 3685">
     <span class='ocr_line' id='line_1_28' title="bbox 11 3280 1287 3376; baseline 0.017 -38"><span class='ocrx_word' id='word_1_183' title='bbox 11 3313 23 3324; x_wconf 66' lang='lat'><em>„</em></span> <span class='ocrx_word' id='word_1_184' title='bbox 137 3315 144 3338; x_wconf 86' lang='lat' dir='ltr'>t</span> <span class='ocrx_word' id='word_1_185' title='bbox 223 3280 310 3364; x_wconf 82' lang='lat' dir='ltr'>giam</span> <span class='ocrx_word' id='word_1_186' title='bbox 327 3280 498 3362; x_wconf 86' lang='lat' dir='ltr'>moralem,</span> <span class='ocrx_word' id='word_1_187' title='bbox 517 3284 602 3349; x_wconf 88' lang='lat' dir='ltr'>utin</span> <span class='ocrx_word' id='word_1_188' title='bbox 623 3285 765 3352; x_wconf 88' lang='lat' dir='ltr'>decursu</span> <span class='ocrx_word' id='word_1_189' title='bbox 785 3286 974 3372; x_wconf 80' lang='lat' dir='ltr'>theologicae</span> <span class='ocrx_word' id='word_1_190' title='bbox 997 3289 1205 3376; x_wconf 86' lang='lat' dir='ltr'>expositionis</span> <span class='ocrx_word' id='word_1_191' title='bbox 1285 3283 1287 3360; x_wconf 66' lang='grc' dir='ltr'><em>Ῐ</em></span> 
     </span>
     <span class='ocr_line' id='line_1_29' title="bbox 223 3384 1285 3482; baseline 0.007 -30"><span class='ocrx_word' id='word_1_192' title='bbox 223 3384 363 3472; x_wconf 81' lang='lat' dir='ltr'>patebit3</span> <span class='ocrx_word' id='word_1_193' title='bbox 378 3387 448 3469; x_wconf 83' lang='lat' dir='ltr'>scd,</span> <span class='ocrx_word' id='word_1_194' title='bbox 465 3390 539 3458; x_wconf 85' lang='lat' dir='ltr'>clun</span> <span class='ocrx_word' id='word_1_195' title='bbox 552 3391 620 3459; x_wconf 84' lang='lat' dir='ltr'>istac</span> <span class='ocrx_word' id='word_1_196' title='bbox 630 3393 718 3478; x_wconf 81' lang='lat' dir='ltr'>leges</span> <span class='ocrx_word' id='word_1_197' title='bbox 738 3395 801 3462; x_wconf 83' lang='lat' dir='ltr'>sint</span> <span class='ocrx_word' id='word_1_198' title='bbox 813 3393 978 3482; x_wconf 87' lang='lat' dir='ltr'>objectum</span> <span class='ocrx_word' id='word_1_199' title='bbox 995 3397 1206 3464; x_wconf 83' lang='lat' dir='ltr'>scientiarum</span> <span class='ocrx_word' id='word_1_200' title='bbox 1283 3391 1285 3459; x_wconf 83' lang='lat' dir='ltr'>l</span> 
     </span>
     <span class='ocr_line' id='line_1_30' title="bbox 222 3479 1283 3580; baseline 0.009 -22"><span class='ocrx_word' id='word_1_201' title='bbox 222 3491 425 3580; x_wconf 66' lang='lat' dir='ltr'>spectatum,</span> <span class='ocrx_word' id='word_1_202' title='bbox 453 3495 575 3564; x_wconf 68' lang='lat' dir='ltr'>serunt</span> <span class='ocrx_word' id='word_1_203' title='bbox 593 3499 680 3565; x_wconf 71' lang='lat' dir='ltr'>tura</span> <span class='ocrx_word' id='word_1_204' title='bbox 704 3499 850 3566; x_wconf 78' lang='lat' dir='ltr'>canonici</span> <span class='ocrx_word' id='word_1_205' title='bbox 874 3511 907 3566; x_wconf 73' lang='lat' dir='ltr'>a</span> <span class='ocrx_word' id='word_1_206' title='bbox 929 3499 1018 3567; x_wconf 76' lang='lat' dir='ltr'>aaa</span> <span class='ocrx_word' id='word_1_207' title='bbox 1035 3500 1146 3580; x_wconf 74' lang='lat' dir='ltr'>attan,</span> <span class='ocrx_word' id='word_1_208' title='bbox 1163 3500 1206 3567; x_wconf 72' lang='lat' dir='ltr'>aa</span> <span class='ocrx_word' id='word_1_209' title='bbox 1280 3479 1283 3568; x_wconf 86' lang='lat' dir='ltr'>l</span> 
     </span>
     <span class='ocr_line' id='line_1_31' title="bbox 223 3598 1157 3685; baseline 0.011 -21"><span class='ocrx_word' id='word_1_210' title='bbox 223 3598 273 3665; x_wconf 91' lang='lat' dir='ltr'>his</span> <span class='ocrx_word' id='word_1_211' title='bbox 290 3617 347 3685; x_wconf 87' lang='lat' dir='ltr'>per</span> <span class='ocrx_word' id='word_1_212' title='bbox 369 3603 519 3672; x_wconf 86' lang='lat' dir='ltr'>accidens</span> <span class='ocrx_word' id='word_1_213' title='bbox 531 3607 759 3672; x_wconf 82' lang='lat' dir='ltr'>tantummodo</span> <span class='ocrx_word' id='word_1_214' title='bbox 776 3605 997 3674; x_wconf 80' lang='lat' dir='ltr'>tractabimus.</span> <span class='ocrx_word' id='word_1_215' title='bbox 1153 3673 1157 3680; x_wconf 90' lang='grc'><em>,</em></span> 
     </span>
    </p>

    <p class='ocr_par' dir='ltr' id='par_1_8' title="bbox 268 3703 1203 3804">
     <span class='ocr_line' id='line_1_32' title="bbox 268 3703 1203 3804; baseline 0.015 -34"><span class='ocrx_word' id='word_1_216' title='bbox 268 3703 347 3772; x_wconf 87' lang='lat' dir='ltr'>Hinc</span> <span class='ocrx_word' id='word_1_217' title='bbox 370 3705 484 3774; x_wconf 84' lang='lat' dir='ltr'>ultimo</span> <span class='ocrx_word' id='word_1_218' title='bbox 509 3714 662 3800; x_wconf 84' lang='lat' dir='ltr'>expositio</span> <span class='ocrx_word' id='word_1_219' title='bbox 681 3713 860 3798; x_wconf 84' lang='lat' dir='ltr'>theologica</span> <span class='ocrx_word' id='word_1_220' title='bbox 878 3715 958 3798; x_wconf 82' lang='lat' dir='ltr'>duas</span> <span class='ocrx_word' id='word_1_221' title='bbox 979 3713 1203 3804; x_wconf 74' lang='lat' dir='ltr'>complectitur</span> 
     </span>
    </p>
   </div>
   <div class='ocr_carea' id='block_1_3' title="bbox 0 0 1316 4154">
    <p class='ocr_par' dir='ltr' id='par_1_9' title="bbox 0 0 1316 4154">
     <span class='ocr_line' id='line_1_33' title="bbox 0 0 1316 4154; baseline 0 4"><span class='ocrx_word' id='word_1_222' title='bbox 0 0 1316 4154; x_wconf 95' lang='lat' dir='ltr'> </span> 
     </span>
    </p>
   </div>
  </div>
 </body>
</html>
