2710 4116
154 345 332 424 voluntate
339 340 709 438 preditam-annianum
726 360 757 416 et
758 369 883 438 eorpus
894 345 978 417 inter
991 368 1025 426 se
1036 344 1136 431 unitas

154 457 252 542 Atqui
382 521 384 526 .

201 561 458 629 Christushohet
475 529 592 649 eorpus
604 562 739 628 :.-⁴Lue
751 561 858 641 ι1,5;0
871 499 918 630 tte
933 531 1140 654 timeos‚Mo

153 671 253 735 riu...
283 669 366 750 Eece
384 671 544 754 eoueinies
568 670 603 734 iu
628 679 690 732 utet
680 689 717 732 ro
741 679 771 732 et
786 670 898 752 paries
912 671 1029 756 fitium.
1047 671 1135 736 lbid

154 775 213 853 55,
228 774 292 838 39:
315 774 418 842 Videte
430 795 642 844 manusmees
652 775 797 858 etpedes
810 795 887 860 qum
899 797 956 869 eqo
969 798 1037 860 epse
1047 797 1139 842 suin

148 884 287 966 potpute
302 891 331 944 et
346 881 449 947 uidete
453 882 552 965 ,quio
567 881 703 966 spiritus
718 900 850 965 cernent
868 891 897 945 et
914 901 990 948 osso
1002 904 1067 950 raon
1078 879 1138 974 ha-

153 989 215 1066 bet,
231 971 323 1070 sieut.
327 1007 377 1051 me
384 988 506 1054 uidetis
522 986 653 1070 hahere
664 987 695 1057 tt
712 987 805 1052 Joan
809 987 860 1050 7ι
884 989 1046 1068 Quoniam
1057 969 1140 1057 mut-

154 1093 180 1159 ti
191 1095 374 1160 seductores
391 1093 538 1157 exierunt
552 1093 586 1158 iu
602 1093 775 1180 rurensium,
791 1093 847 1175 qui
862 1113 927 1159 non
948 1097 1139 1182 eonfiteretur

151 1204 262 1269 iesum
283 1202 446 1268 Christum
465 1203 590 1268 uertisse
605 1203 640 1268 iu
657 1221 771 1266 earne:
787 1201 848 1266 Hie
870 1212 916 1268 est
937 1204 1086 1270 seductor
1109 1215 1160 1280 et·

152 1307 388 1382 autichristus.
405 1305 534 1386 Ituran.
549 1306 585 1385 5,
602 1306 646 1394 9
673 1305 933 1388 Omnirspiritus
967 1307 1023 1390 qui
1040 1311 1138 1395 coufi-

153 1425 238 1480 tetur
252 1414 361 1481 Iesum
375 1413 571 1477 Christum
559 1433 593 1476 ιιι
609 1431 709 1476 earne
723 1411 858 1490 venisse,
874 1433 913 1475 err
924 1412 992 1477 Deo
1011 1405 1070 1480 e'st

201 1518 348 1584 Christus
363 1517 612 1596 hahetanimarn
630 1517 806 1602 humanam
831 1498 994 1586 intelleetu
1023 1525 1073 1584 et
1082 1539 1138 1585 vo-

153 1623 1135 1710 luntatepreeditam2-Hahetan1mamioan.10,ih,:
1174 1641 1178 1650 “

151 1730 308 1795 Animam
322 1749 427 1814 meum
447 1739 608 1812 pono'pro
626 1726 738 1797 ouibus
758 1727 848 1794 meis.
869 1727 978 1802 hlotth.
997 1727 1052 1804 96,
1069 1727 1135 1795 58ι

157 1837 186 1900 T
183 1835 277 1906 riatie
288 1845 334 1900 est
356 1835 468 1904 auimo
484 1853 556 1906 uteo
572 1823 730 1920 usque-od
744 1844 891 1902 mortem.
908 1833 1136 1900 ¹-lntelleetu

150 1950 181 2004 et
197 1935 548 2022 voluntatepraetlitam
559 1959 567 2014 ;
578 1938 673 2004 ioan.
694 1937 748 2015 tr,
767 1937 787 2001 9
800 1960 807 2001 ι
826 1939 894 2024 qu
906 1959 969 2026 pro
982 1939 1027 2006 eis
1040 1959 1133 2024 rouo.

150 2044 270 2131 Philip.
297 2043 331 2120 9,
357 2043 395 2108 8.
420 2042 598 2117 Fuetuaest
622 2043 772 2113 obediens
794 2065 896 2130 utque
914 2046 962 2113 oe
979 2057 1135 2125 mortem,

147 2161 288 2218 mortem
301 2159 408 2216 eutem
424 2169 542 2216 eruere
570 2151 703 2218 Untle
676 2171 743 2216 ste
772 2149 916 2218 Christus
939 2159 1032 2230 orat,
1056 2150 1137 2226 obe·
1194 2181 1195 2184 ¹

153 2257 245 2330 diens
268 2267 333 2333 est;
359 2275 436 2340 ergo
464 2256 564 2343 ipsius
589 2257 696 2322 animo
721 2255 886 2323 intellectu
915 2269 946 2323 et
970 2235 1136 2324 voluntate

159 2362 292 2447 praedita
310 2369 377 2440 est,
390 2383 415 2427 st
408 2361 770 2430 oratroetohedttntra
774 2360 972 2428 tntelleetum
983 2363 1141 2431 ettotun-

157 2479 256 2534 tatem
271 2479 465 2558 supponant.
480 2468 580 2538 Porro
591 2478 780 2552 supponunt
796 2441 993 2534 intellectum
1008 2487 1017 2528 ι
1033 2467 1136 2544 oratio

151 2582 240 2651 enirn
252 2584 409 2671 supponit
430 2579 649 2666 cognitionem
672 2599 787 2645 eorum
813 2599 887 2664 quae
913 2577 1135 2666 postulantur,
1235 2641 1237 2645 .

149 2690 350 2770 ohedientia,
367 2689 584 2774 cognitionem
606 2687 759 2775 praecepti
771 2685 933 2773 impositi;
952 2694 1140 2772 supponunt

148 2797 351 2864 voluntatem
367 2821 375 2861 ι
389 2797 491 2862 oratio
502 2794 726 2861 etohedientia
745 2794 776 2858 io
790 2815 824 2874 se
837 2793 1049 2870 considerata:
1061 2805 1137 2858 sunt

149 2913 243 2976 uatus
259 2895 656 2968 vehunt-atisae-Animam
681 2901 878 2970 humanam:
908 2898 951 2978 Si⁸
964 2897 1070 2964 anima
1101 2897 1134 2962 in

149 3007 279 3074 Christo
294 3010 432 3074 existens
449 3009 581 3074 nonsit
603 3009 759 3087 humana,
781 3025 857 3092 ergo
874 3005 955 3072 nihil
979 3004 1138 3073 aliudest

149 3119 251 3199 quhm
273 3115 416 3183 Verbum
438 3114 628 3184 humanitati
653 3114 770 3182 Christi
794 3115 939 3193 anitum,
965 3125 1000 3178 nt
1025 3111 1138 3183 volunt

148 3220 257 3285 Ariani
275 3233 306 3286 et
323 3221 577 3310 Apollinaristae3
605 3219 772 3306 atqnihoa
799 3218 916 3287 salsum
942 3231 1003 3286 est.
1029 3218 1136 3302 staat-

149 3325 225 3393 tiern
243 3327 351 3394 aniana
376 3327 505 3406 Christi,
524 3339 558 3396 ut
574 3332 697 3393 constat
711 3345 748 3391 ex
757 3324 1001 3408 textibussuprh
1017 3321 1133 3400 oitatis,

148 3444 258 3519 potest
281 3433 409 3511 tristari,
423 3454 538 3511 ornae,
557 3431 704 3499 obedire.
719 3431 818 3520 Porro
833 3428 977 3498 Verbum
989 3439 1035 3492 est
1049 3427 1134 3510 inea·

149 3558 211 3628 pax
230 3539 377 3620 tristitiae,
397 3545 473 3607 etun
495 3540 535 3606 sit
553 3536 764 3606 essentialiter
786 3536 942 3614 beatum
964 3531 1133 3628 orationis,
