2710 4116
600 215 801 282 ...ppp-

213 351 476 422 eomintroducit
497 351 598 419 Jacob
623 373 697 420 eum
722 351 843 420 lomilid
867 355 939 421 sul.
966 355 1000 421 ln
1024 359 1199 427 adcrescit

209 459 315 526 tribus
335 458 575 539 lsraetitarum,
594 459 683 524 unde
706 460 833 544 exurgit
857 461 945 526 natio
966 459 1195 532 Hebraeorum.

210 563 426 652 -Temporc
451 563 634 631 Salomonis
661 565 895 632 commercium
924 565 1042 633 ineunt
1063 569 1195 636 llebroei

211 691 286 738 cum
305 669 470 738 Phoenicis
502 681 534 736 et
553 670 720 758 AEgyptiis.
747 707 793 720 -
808 672 847 736 ln
880 671 1029 756 regiones
1055 674 1194 740 orienta-

211 777 259 844 les
275 775 389 865 captivi
405 775 570 843 ducentur
586 795 644 864 per
661 795 753 862 reges
778 776 953 856 Ninivitas;
982 780 999 844 a
1018 776 1100 865 Cyro
1121 781 1196 848 Per·

212 905 321 952 sarum
340 903 415 970 rege
430 895 502 972 post
516 884 671 950 70annos
684 883 876 950 liberantur.
897 921 941 934 -
966 884 1035 952 Sub
1054 885 1187 952 Alexan·

212 991 262 1058 dri
277 990 518 1056 successoribus
530 989 779 1057 commiscentur
789 990 915 1078 populis
925 989 1051 1078 AEgypti
1064 999 1093 1056 et
1102 991 1186 1058 Asiae

211 1096 431 1176 occidentalis.
443 1097 617 1163 —Eorum
634 1095 708 1164 libri
725 1091 876 1162 hebraice
900 1098 1031 1185 scripti,
1051 1095 1183 1184 jubente

209 1201 434 1291 Philadelpho,
446 1202 753 1288 greceredduntur.
764 1240 811 1251 —
823 1202 890 1268 Sub
907 1203 1060 1270 Romanis
1072 1204 1187 1270 ledaea

92 1319 95 1324 '
210 1308 246 1379 ht
256 1309 383 1398 imperii
395 1307 562 1398 provincia
578 1309 705 1390 sindesi
720 1309 752 1375 in
770 1309 874 1376 varias
890 1308 1075 1377 Occidentis
1088 1310 1192 1396 regio·

210 1437 268 1483 nes
284 1416 547 1496 disseminantur,
567 1417 735 1504 ipsamque
752 1416 886 1482 Romam
900 1415 1070 1484 invadunt.

255 1523 410 1592 hlediatd:
434 1522 571 1590 iudaice
587 1522 674 1588 enim
697 1521 854 1607 religione
874 1521 1039 1608 predictis
1063 1524 1193 1610 populis

210 1628 396 1698 immediate
407 1627 656 1707 communicata,
670 1625 763 1694 facile
773 1627 949 1714 explicatur
964 1648 1022 1715 per
1032 1649 1195 1708 commer-

210 1735 296 1802 cium
312 1734 508 1824 populorum
521 1732 592 1821 eins
606 1732 794 1818 divulgatio,
808 1746 846 1798 et
857 1734 1053 1822 exspectatio
1069 1736 1196 1804 unirer·

210 1841 286 1910 solis
303 1841 426 1908 Messian
443 1849 590 1928 tempore
605 1841 674 1928 ejus
690 1841 859 1908 adventus.

255 1945 292 2013 60
308 1948 370 2014 Per
383 1946 518 2036 imperia
529 1946 764 2017 coadunaritin
781 1967 879 2012 unam
890 1947 1078 2016 societatem
1090 1949 1194 2019 tribus

210 2053 423 2146 nationesque
439 2055 593 2122 diversas.
612 2053 664 2122 Sic
680 2053 894 2120 manifestarit
909 2053 1100 2122 idololatriae
1113 2077 1194 2124 con·

208 2161 429 2241 tradictioncs,
454 2161 645 2230 hostilitates
660 2159 857 2248 populorum
881 2160 1035 2248 paulatim
1058 2161 1190 2239 minuit,

209 2265 426 2354 hominesque
453 2269 495 2334 ad
515 2268 671 2336 unitatem
697 2264 948 2334 intellectualem
976 2277 1006 2330 et
1028 2263 1186 2333 moralem

210 2373 367 2454 doctrinm
385 2375 566 2445 christianae
581 2373 785 2468 praeparavit.
803 2411 847 2423 --
864 2373 1037 2462 speciatim
1051 2393 1108 2460 per
1125 2371 1190 2439 im-

208 2482 310 2568 peria,
329 2481 477 2550 Graecum
502 2489 533 2549 ct
549 2483 746 2562 Romanum,
771 2479 1080 2548 communicationes
1107 2478 1193 2558 inter

156 2655 158 2662 ,
209 2587 348 2677 populos
365 2588 513 2669 instituit,
525 2589 652 2674 linguas
663 2607 802 2673 graecam
816 2595 847 2653 et
863 2607 1030 2653 romanam
1042 2585 1192 2670 vulgares

104 2779 106 2783 ι
209 2691 300 2782 lecitp
316 2695 392 2775 india
408 2695 628 2784 praedicationi
646 2693 828 2764 christianae
843 2693 927 2762 aviam
943 2693 1083 2782 aperuit.

671 2891 719 2953 ΙΙ.

389 3043 442 3108 DE
471 3036 744 3108 REPthTIONE
769 3037 1008 3108 thhlPLll'lh.
1083 3085 1086 3090 t
1140 3076 1143 3086 ·

254 3179 421 3266 Omnibus
432 3198 474 3268 ad
486 3199 723 3288 reparationem
742 3192 941 3287 praeparatis,
963 3191 1098 3260 Verbum
1112 3212 1191 3276 cero

206 3311 329 3394 sactum
349 3315 396 3374 eat
412 3315 442 3374 et
459 3305 621 3386 habitauit
637 3305 672 3373 in
692 3303 802 3386 nobis,
821 3311 857 3370 ut
873 3300 1041 3370 hominem
1065 3297 1192 3368 ae'tibus'

208 3417 275 3484 suis
289 3426 464 3505 repararet.
524 3495 529 3507 Ι

241 3521 322 3585 'Sub
340 3521 431 3587 titulo
449 3521 599 3610 praesenti
616 3519 790 3588 dicendum
808 3537 885 3604 ergo
910 3516 950 3583 de
966 3511 1070 3588 Vanae
1087 3511 1192 3578 lncan-

169 3667 170 3670 ,
213 3638 300 3685 raro.

13 3775 90 3972 Ξ
