2640 4150
598 397 801 466 -136—

496 585 532 634 ΙΙ.
548 583 586 636 Da
600 577 733 637 eumenio
746 585 915 639 extrinsecis.

384 724 411 774 1⁰
424 721 461 776 be
474 721 624 778 dominium
636 725 756 780 animalia
769 731 797 776 et
811 737 854 778 res
868 722 1013 782 inferiores.
1064 713 1068 720 “

190 947 194 956 ‚
262 871 372 955 Quaer.
393 871 497 953 Quale
510 871 609 957 suerii
626 871 705 936 Adra
731 869 910 936 dominium
926 869 961 935 in
987 869 1146 937 animalia
1171 879 1200 938 ei

215 997 270 1043 rea
287 977 475 1062 inferiorem
486 973 519 1042 'er
535 977 694 1064 quomodo
711 995 747 1041 eo
764 993 842 1042 unua
857 976 983 1060 fuerit?

264 1083 310 1149 nd
330 1084 383 1149 1¹¹¹
398 1093 514 1170 quaest.
533 1092 615 1172 pari.
628 1085 724 1168 Resp.
742 1081 843 1150 Adam
861 1082 1001 1150 babebat
1017 1081 1198 1152 dominium

216 1189 284 1256 lbm
298 1187 395 1276 juris,
414 1193 484 1256 tiam
500 1187 781 1256 iaeti.-Habebai
797 1187 979 1254 dominium
988 1187 1087 1276 juris,
1101 1189 1130 1255 id
1148 1204 1194 1256 est

216 1294 358 1362 babebat
373 1294 428 1383 jus
445 1297 477 1361 in
500 1301 536 1361 e'a
560 1294 763 1361 dominandi.
784 1293 851 1360 iioe
871 1307 995 1360 constat
1019 1294 1193 1361 rationibus

215 1402 257 1468 ad
270 1401 470 1490 probandam
487 1402 603 1468 lbesim
617 1407 714 1489 supra
726 1393 1086 1488 expositio-Habebat
1098 1402 1197 1468 domi·

215 1509 306 1576 nium
323 1507 408 1587 iacti,
424 1508 455 1576 id
473 1519 532 1590 esi,
553 1507 682 1574 realiter
698 1507 779 1572 inea
796 1506 1036 1574 dominabatur.
1056 1508 1098 1573 Ex
1113 1505 1196 1573 Gen.

216 1613 248 1694 i,
268 1613 306 1679 5¹
324 1637 332 1680 :
354 1613 480 1680 Vidit...
497 1613 585 1680 Deua
596 1623 791 1698 rurrotnquae
803 1614 942 1697 perorat:
957 1623 987 1678 et
998 1613 1198 1678 ernntoulde

215 1721 313 1787 bonu.
334 1721 445 1800 Porro,
460 1720 487 1786 si
502 1720 599 1800 buna,
619 1739 696 1806 ergo
713 1719 859 1785 ordinata
878 1741 886 1800 ;
902 1715 1100 1795 nardinum,
1115 1735 1194 1800 ergo

214 1825 366 1894 inferiora
384 1825 620 1918 superioribus,
636 1845 672 1892 ao
688 1825 825 1914 proinde
838 1823 985 1892 animalia
1002 1831 1033 1889 et
1049 1843 1101 1890 res
1118 1821 1197 1889 inie-

215 1935 318 2001 riores
331 1931 454 2000 bomini
467 1933 549 2000 sacro
559 1931 827 2022 subjiciebantur,
842 1953 912 2013 seu,
927 1932 1015 2020 quod
1033 1929 1121 1998 idem
1134 1937 1194 2011 est,

213 2039 313 2106 bomo
328 2041 360 2105 in
375 2062 411 2106 ea
429 2039 611 2107 dominium
625 2038 697 2106 iacti
715 2038 912 2128 possidebat.

257 2145 303 2215 Ad
317 2148 372 2216 Ψ
389 2149 485 2236 Reop.
512 2149 615 2215 Homo
632 2147 860 2214 dominabatur
872 2147 905 2213 in
921 2145 1084 2226 animalia,
1104 2147 1196 2235 quasi

212 2253 371 2344 imperi03
390 2267 421 2322 ei
437 2255 469 2320 in
488 2276 538 2320 res
555 2252 743 2332 inferiores,
755 2252 803 2318 eis
820 2251 913 2320 facile
932 2252 1066 2320 utendo.
1080 2253 1197 2319 -Do·

217 2361 401 2428 minabatur
415 2361 448 2425 in
460 2357 609 2428 animalia
621 2359 713 2447 quasi
725 2356 881 2448 imperio:
907 2380 973 2425 non
990 2344 1123 2446 quidem
1137 2359 1195 2424 im·
1318 2389 1319 2406 1

211 2465 301 2555 perio
311 2467 440 2555 proprie
457 2467 554 2546 dioto,
569 2468 657 2555 quod
668 2468 699 2533 in
710 2466 873 2547 animalia,
887 2479 1019 2556 propter
1031 2466 1193 2534 deiectum

212 2557 357 2653 rationis,
385 2575 527 2640 exerceri
548 2594 613 2639 non
643 2587 767 2662 potest3
787 2573 844 2643 sed
862 2571 998 2661 imperio
1016 2572 1193 2663 improprie

212 2680 311 2760 dieto,
331 2681 400 2753 Deo
417 2701 531 2747 eornm
544 2676 947 2747 instirroiumbabituaiiler
963 2678 1195 2764 adobsequen·

210 2780 289 2854 dum
306 2785 429 2874 bomini
442 2783 976 2876 disponente.-D0minabaturiu
994 2807 1044 2854 res
1062 2783 1193 2852 inienio·

212 2915 277 2971 res,
292 2895 338 2960 eis
355 2891 447 2962 facile
464 2895 605 2962 utendo:
625 2893 824 2982 impossibiie
841 2903 889 2960 est
905 2893 992 2960 onim
1009 2891 1072 2959 alio
1091 2891 1192 2958 modo

210 2999 244 3066 in
257 2999 331 3065 istas
343 3019 394 3065 res
411 2999 583 3082 dominari,
597 3003 670 3066 oiim
682 3007 770 3066 motu
785 3010 962 3088 spontaneo
973 2997 1193 3085 instinctuque
1315 3086 1316 3090 Ἰ

210 3103 390 3192 priventur.

484 3255 513 3308 2⁰
525 3255 566 3309 De
581 3255 740 3311 habitatione
752 3255 780 3308 in
792 3255 923 3310 paradiso.

210 3425 211 3430 ¹
253 3391 365 3480 Quaer.
381 3395 544 3466 utronea
559 3421 629 3487 que
641 3400 675 3467 in
691 3399 864 3490 Scriptura
875 3407 1060 3467 narrantur
1075 3398 1114 3464 aie
1125 3385 1196 3466 Pae

206 3500 537 3590 rodiooioieiiipeudu
549 3506 720 3575 simaeum
737 3507 881 3588 litterali,
901 3527 945 3572 un
957 3503 1190 3590 rneiapboriom'

206 3615 242 3672 ar·
251 3609 284 3674 ia
297 3607 468 3696 hyporien
478 3615 590 3681 aenaria
601 3611 761 3696 litteralia,
775 3616 883 3682 araim
895 3613 1081 3682 Perediam
1090 3612 1191 3700 suerii

208 3711 295 3776 bour
318 3715 492 3798 specialia?
